<record><header><identifier>oai:alma.41SLSP_UGE:991000039949705502</identifier><datestamp>2023-03-28T00:14:55Z</datestamp><setSpec>uge_bcen_RapidILL_BOOK</setSpec><setSpec>uge_aaca_RapidILL_BOOK</setSpec><setSpec>uge_abels_RapidILL_BOOK</setSpec><setSpec>uge_dbu_RapidILL_BOOK</setSpec><setSpec>uge_cmu_RapidILL_BOOK</setSpec><setSpec>uge_mail_RapidILL_BOOK</setSpec><setSpec>uge_abbat_RapidILL_BOOK</setSpec><setSpec>UNIGE_ALL</setSpec><setSpec>uge_acar_RapidILL_BOOK</setSpec><setSpec>uge_aobs_RapidILL_BOOK</setSpec></header><metadata>
<record xmlns="http://www.loc.gov/MARC21/slim" xmlns:xsi="http://www.w3.org/2001/XMLSchema-instance" xsi:schemaLocation="http://www.loc.gov/MARC21/slim http://www.loc.gov/standards/marcxml/schema/MARC21slim.xsd"><leader>03339nam a2200661 c 4500</leader><controlfield tag="001">991000039949705502</controlfield><controlfield tag="005">20230327184856.0</controlfield><controlfield tag="008">201011t19861986sz ||||| |||| 11| ||eng d</controlfield><datafield ind1=" " ind2=" " tag="020"><subfield code="a">3725302774</subfield></datafield><datafield ind1=" " ind2=" " tag="035"><subfield code="a">(swissbib)226575438-41slsp_network</subfield></datafield><datafield ind1=" " ind2=" " tag="035"><subfield code="a">226575438</subfield><subfield code="9">ExL</subfield></datafield><datafield ind1=" " ind2=" " tag="035"><subfield code="a">(RERO)0791250-41slsp</subfield></datafield><datafield ind1=" " ind2=" " tag="035"><subfield code="a">(IDSSG)000003169HSB01</subfield></datafield><datafield ind1=" " ind2=" " tag="035"><subfield code="a">(IDSBB)000235953DSV01</subfield></datafield><datafield ind1=" " ind2=" " tag="035"><subfield code="a">(EXLNZ-41SLSP_NETWORK)991029464639705501</subfield></datafield><datafield ind1=" " ind2=" " tag="040"><subfield code="a">RERO frbcuc</subfield><subfield code="d">CH-ZuSLS</subfield></datafield><datafield ind1=" " ind2="7" tag="072"><subfield code="a">se</subfield><subfield code="2">rero</subfield></datafield><datafield ind1=" " ind2="7" tag="072"><subfield code="a">vw</subfield><subfield code="2">SzZuIDS BS/BE</subfield></datafield><datafield ind1="1" ind2="4" tag="082"><subfield code="a">330</subfield><subfield code="2">15</subfield></datafield><datafield ind1=" " ind2=" " tag="084"><subfield code="a">A 44 e</subfield><subfield code="2">cjurrom</subfield></datafield><datafield ind1=" " ind2=" " tag="084"><subfield code="a">QM 230</subfield><subfield code="2">rvk</subfield></datafield><datafield ind1=" " ind2=" " tag="084"><subfield code="a">QM 240</subfield><subfield code="2">rvk</subfield></datafield><datafield ind1="0" ind2="0" tag="245"><subfield code="a">Protectionism and structural adjustment</subfield><subfield code="c">[ed. by Heinz Hauser] ; with contributions of Robert E. Baldwin ... [et al.]</subfield></datafield><datafield ind1=" " ind2="1" tag="264"><subfield code="a">Grüsch</subfield><subfield code="b">Rüegger</subfield><subfield code="c">[1986]</subfield></datafield><datafield ind1=" " ind2="4" tag="264"><subfield code="c">© 1986</subfield></datafield><datafield ind1=" " ind2=" " tag="300"><subfield code="a">312 p.</subfield><subfield code="b">fig., tabl.</subfield><subfield code="c">24 cm</subfield></datafield><datafield ind1=" " ind2=" " tag="336"><subfield code="b">txt</subfield><subfield code="2">rdacontent</subfield></datafield><datafield ind1=" " ind2=" " tag="337"><subfield code="b">n</subfield><subfield code="2">rdamedia</subfield></datafield><datafield ind1=" " ind2=" " tag="338"><subfield code="b">nc</subfield><subfield code="2">rdacarrier</subfield></datafield><datafield ind1="1" ind2=" " tag="490"><subfield code="a">SIASR-Schriftenreihe</subfield><subfield code="v">Bd. 12</subfield></datafield><datafield ind1="1" ind2=" " tag="490"><subfield code="a">Schweizerisches Institut für Aussenwirtschafts-, Struktur- und Regionalforschung an der Hochschule St. Gallen</subfield><subfield code="v">Bd. 12</subfield></datafield><datafield ind1="1" ind2=" " tag="490"><subfield code="a">The Swiss Institute for Research into International Economic Relations, Economic Structures, and Regional Science</subfield><subfield code="v">Bd. 12</subfield></datafield><datafield ind1=" " ind2=" " tag="500"><subfield code="a">Dedicated to the memory of Jan Tumlir</subfield></datafield><datafield ind1=" " ind2=" " tag="500"><subfield code="a">Simultaneously publ. as Nr. 2/3 1986 of &quot;Aussenwirtschaft&quot;</subfield></datafield><datafield ind1=" " ind2=" " tag="500"><subfield code="a">La préf. indique &quot;Papers and summaries of the discussions of the 3rd St. Galler Forschungsgespräche, held at the St. Gall Graduate School of Economics, Law, Business and Public Administration from September 25th to 27th, 1985&quot;</subfield></datafield><datafield ind1=" " ind2=" " tag="500"><subfield code="a">Enthält: Discussion to session 3 : international trade policy / Heinz Hauser. - Zugl.: Aussenwirtschaft, Jg. 41 (1986), H. 2/3</subfield></datafield><datafield ind1=" " ind2=" " tag="500"><subfield code="a">SA aus: Aussenwirtschaft ; 41 (1986), Heft II/III</subfield></datafield><datafield ind1=" " ind2="7" tag="650"><subfield code="a">ajustement économique</subfield><subfield code="0">(RERO)A010040718</subfield><subfield code="2">rerovoc</subfield></datafield><datafield ind1=" " ind2="7" tag="650"><subfield code="a">Protectionnisme</subfield><subfield code="0">(IDREF)027825531</subfield><subfield code="2">idref</subfield></datafield><datafield ind1=" " ind2="7" tag="650"><subfield code="a">Protektionismus</subfield><subfield code="0">(DE-588)4127791-0</subfield><subfield code="2">gnd</subfield></datafield><datafield ind1=" " ind2="7" tag="650"><subfield code="a">Protektionismus</subfield><subfield code="v">Kongressbericht</subfield><subfield code="2">idsbb</subfield></datafield><datafield ind1=" " ind2="7" tag="650"><subfield code="a">Wirtschaftlicher Wandel</subfield><subfield code="v">Kongressbericht</subfield><subfield code="2">idsbb</subfield></datafield><datafield ind1=" " ind2="7" tag="650"><subfield code="a">Freihandel</subfield><subfield code="0">(DE-STW)10696-1</subfield><subfield code="2">stw</subfield></datafield><datafield ind1=" " ind2="7" tag="650"><subfield code="a">Protektionismus</subfield><subfield code="0">(DE-STW)19310-4</subfield><subfield code="2">stw</subfield></datafield><datafield ind1=" " ind2="7" tag="650"><subfield code="a">Sanktion</subfield><subfield code="0">(DE-STW)18064-5</subfield><subfield code="2">stw</subfield></datafield><datafield ind1=" " ind2="7" tag="655"><subfield code="a">Actes de congrès</subfield><subfield code="0">(IDREF)02886431X</subfield><subfield code="2">idref</subfield></datafield><datafield ind1=" " ind2="7" tag="655"><subfield code="a">Festschrift</subfield><subfield code="2">gnd-content</subfield></datafield><datafield ind1=" " ind2="7" tag="655"><subfield code="a">Konferenzschrift</subfield><subfield code="z">Sankt Gallen</subfield><subfield code="y">1985</subfield><subfield code="2">gnd-content</subfield></datafield><datafield ind1="1" ind2=" " tag="700"><subfield code="a">Tumlir, Jan</subfield><subfield code="0">(RERO)A003914619</subfield></datafield><datafield ind1="1" ind2=" " tag="700"><subfield code="a">Baldwin, Robert E</subfield><subfield code="0">(RERO)A002963276</subfield></datafield><datafield ind1="1" ind2=" " tag="700"><subfield code="a">Hauser, Heinz</subfield><subfield code="d">1943-</subfield><subfield code="0">(DE-588)170021890</subfield><subfield code="6">880-04</subfield></datafield><datafield ind1="1" ind2=" " tag="880"><subfield code="6">700-04</subfield><subfield code="a">Hauser, Heinz</subfield><subfield code="0">(IDREF)170980197</subfield></datafield><datafield ind1="2" ind2=" " tag="710"><subfield code="a">Hochschule Sankt Gallen für Wirtschafts- und Sozialwissenschaften</subfield><subfield code="0">(RERO)A000193458</subfield></datafield><datafield ind1="2" ind2=" " tag="711"><subfield code="a">St. Galler Forschungsgespräche</subfield><subfield code="0">(DE-588)1091830673</subfield></datafield><datafield ind1="2" ind2=" " tag="711"><subfield code="a">Sankt Galler Forschungsgespräche</subfield><subfield code="n">3</subfield><subfield code="d">1985</subfield><subfield code="c">Sankt Gallen</subfield><subfield code="0">(RERO)A012456573</subfield></datafield><datafield ind1=" " ind2="0" tag="830"><subfield code="a">SIASR-Schriftenreihe</subfield><subfield code="v">12</subfield><subfield code="w">(RERO)0497156-41slsp</subfield></datafield><datafield ind1=" " ind2="0" tag="830"><subfield code="a">Schweizerisches Institut für Aussenwirtschafts-, Struktur- und Regionalforschung an der Hochschule St. Gallen</subfield><subfield code="v">12</subfield><subfield code="w">(IDSBB)000055828DSV01</subfield></datafield><datafield ind1=" " ind2="0" tag="830"><subfield code="a">Schweizerisches Institut für Aussenwirtschafts-, Struktur- und Regionalforschung an der Hochschule St. Gallen</subfield><subfield code="v">12</subfield><subfield code="w">(IDSSG)000003167HSB01</subfield></datafield><datafield ind1=" " ind2=" " tag="900"><subfield code="a">REROnoselfmerge</subfield></datafield></record>
</metadata></record>