<record><header><identifier>oai:alma.41SLSP_UGE:991000039629705502</identifier><datestamp>2023-05-23T00:13:01Z</datestamp><setSpec>uge_bcen_RapidILL_BOOK</setSpec><setSpec>uge_aaca_RapidILL_BOOK</setSpec><setSpec>uge_abels_RapidILL_BOOK</setSpec><setSpec>uge_dbu_RapidILL_BOOK</setSpec><setSpec>uge_cmu_RapidILL_BOOK</setSpec><setSpec>uge_mail_RapidILL_BOOK</setSpec><setSpec>uge_abbat_RapidILL_BOOK</setSpec><setSpec>UNIGE_ALL</setSpec><setSpec>uge_aobs_RapidILL_BOOK</setSpec><setSpec>uge_acar_RapidILL_BOOK</setSpec></header><metadata>
<record xmlns="http://www.loc.gov/MARC21/slim" xmlns:xsi="http://www.w3.org/2001/XMLSchema-instance" xsi:schemaLocation="http://www.loc.gov/MARC21/slim http://www.loc.gov/standards/marcxml/schema/MARC21slim.xsd"><leader>01115nam a2200301 c 4500</leader><controlfield tag="001">991000039629705502</controlfield><controlfield tag="005">20230516190002.0</controlfield><controlfield tag="008">000929s1999    xxu||||| |||| 00| ||eng d</controlfield><datafield ind1=" " ind2=" " tag="020"><subfield code="a">0804735913</subfield></datafield><datafield ind1=" " ind2=" " tag="035"><subfield code="a">(swissbib)095741283-41slsp_network</subfield></datafield><datafield ind1=" " ind2=" " tag="035"><subfield code="a">095741283</subfield><subfield code="9">ExL</subfield></datafield><datafield ind1=" " ind2=" " tag="035"><subfield code="a">(RERO)R270185660-41slsp</subfield></datafield><datafield ind1=" " ind2=" " tag="035"><subfield code="a">(EXLNZ-41SLSP_NETWORK)991014537679705501</subfield></datafield><datafield ind1=" " ind2=" " tag="040"><subfield code="a">RERO geulja</subfield><subfield code="d">CH-ZuSLS</subfield></datafield><datafield ind1=" " ind2="7" tag="072"><subfield code="a">hm</subfield><subfield code="2">rero</subfield></datafield><datafield ind1="1" ind2=" " tag="100"><subfield code="a">Mass, Jeffrey P.</subfield><subfield code="0">(RERO)A003570222</subfield><subfield code="4">cre</subfield></datafield><datafield ind1="1" ind2="0" tag="245"><subfield code="a">Yorimoto and the founding of the first Bakufu</subfield><subfield code="b">the origins of dual government in Japan</subfield><subfield code="c">Jeffrey P. Mass</subfield></datafield><datafield ind1=" " ind2="1" tag="264"><subfield code="a">Stanford</subfield><subfield code="b">Stanford University Press</subfield><subfield code="c">1999</subfield></datafield><datafield ind1=" " ind2=" " tag="300"><subfield code="a">XIII, 278 p.</subfield><subfield code="c">24 cm</subfield></datafield><datafield ind1=" " ind2=" " tag="336"><subfield code="b">txt</subfield><subfield code="2">rdacontent</subfield></datafield><datafield ind1=" " ind2=" " tag="337"><subfield code="b">n</subfield><subfield code="2">rdamedia</subfield></datafield><datafield ind1=" " ind2=" " tag="338"><subfield code="b">nc</subfield><subfield code="2">rdacarrier</subfield></datafield><datafield ind1="1" ind2="7" tag="600"><subfield code="a">Minamoto, Yoritomo</subfield><subfield code="0">(RERO)A010200188</subfield><subfield code="2">rero</subfield></datafield><datafield ind1=" " ind2="7" tag="650"><subfield code="a">bakufu</subfield><subfield code="0">(RERO)A010048355</subfield><subfield code="2">rerovoc</subfield></datafield><datafield ind1=" " ind2="7" tag="650"><subfield code="a">Gouvernement</subfield><subfield code="0">(IDREF)027793672</subfield><subfield code="2">idref</subfield></datafield><datafield ind1=" " ind2="7" tag="650"><subfield code="a">politique</subfield><subfield code="0">(RERO)A010009334</subfield><subfield code="2">rerovoc</subfield></datafield><datafield ind1=" " ind2="7" tag="650"><subfield code="a">794-16e siècle</subfield><subfield code="0">(RERO)A027026201</subfield><subfield code="2">rero</subfield></datafield><datafield ind1=" " ind2="7" tag="651"><subfield code="a">Japon</subfield><subfield code="0">(IDREF)027262162</subfield><subfield code="2">idref</subfield></datafield><datafield ind1=" " ind2="7" tag="651"><subfield code="a">Japon</subfield><subfield code="y">1185-1333 (Époque Kamakura)</subfield><subfield code="0">(IDREF)027694100</subfield><subfield code="2">idref</subfield></datafield></record>
</metadata></record>