<record><header><identifier>oai:alma.41SLSP_UGE:991000039319705502</identifier><datestamp>2023-04-11T00:12:02Z</datestamp><setSpec>uge_bcen_RapidILL_BOOK</setSpec><setSpec>uge_aaca_RapidILL_BOOK</setSpec><setSpec>uge_abels_RapidILL_BOOK</setSpec><setSpec>uge_dbu_RapidILL_BOOK</setSpec><setSpec>uge_cmu_RapidILL_BOOK</setSpec><setSpec>uge_mail_RapidILL_BOOK</setSpec><setSpec>uge_abbat_RapidILL_BOOK</setSpec><setSpec>UNIGE_ALL</setSpec><setSpec>uge_acar_RapidILL_BOOK</setSpec><setSpec>uge_aobs_RapidILL_BOOK</setSpec></header><metadata>
<record xmlns="http://www.loc.gov/MARC21/slim" xmlns:xsi="http://www.w3.org/2001/XMLSchema-instance" xsi:schemaLocation="http://www.loc.gov/MARC21/slim http://www.loc.gov/standards/marcxml/schema/MARC21slim.xsd"><leader>01281nam a2200325 c 4500</leader><controlfield tag="001">991000039319705502</controlfield><controlfield tag="005">20230410140552.0</controlfield><controlfield tag="008">201011s1910    gw ||||| |||| 00| ||ger d</controlfield><datafield ind1=" " ind2=" " tag="035"><subfield code="a">(swissbib)21590365X-41slsp_network</subfield></datafield><datafield ind1=" " ind2=" " tag="035"><subfield code="a">21590365X</subfield><subfield code="9">ExL</subfield></datafield><datafield ind1=" " ind2=" " tag="035"><subfield code="a">(RERO)2162786-41slsp</subfield></datafield><datafield ind1=" " ind2=" " tag="035"><subfield code="a">(NEBIS)004967746EBI01</subfield></datafield><datafield ind1=" " ind2=" " tag="035"><subfield code="a">(IDSBB)002206103DSV01</subfield></datafield><datafield ind1=" " ind2=" " tag="035"><subfield code="a">(EXLNZ-41SLSP_NETWORK)991128080609705501</subfield></datafield><datafield ind1=" " ind2=" " tag="040"><subfield code="a">RERO labcud</subfield><subfield code="d">CH-ZuSLS</subfield></datafield><datafield ind1=" " ind2="7" tag="072"><subfield code="a">or</subfield><subfield code="2">rero</subfield></datafield><datafield ind1="1" ind2=" " tag="100"><subfield code="6">880-01</subfield><subfield code="a">Haas, Hans</subfield><subfield code="d">1868-1934</subfield><subfield code="0">(IDREF)074453300</subfield><subfield code="4">cre</subfield></datafield><datafield ind1="1" ind2=" " tag="880"><subfield code="a">Haas, Hans</subfield><subfield code="d">1868-1934</subfield><subfield code="0">(DE-588)116347163</subfield><subfield code="6">100-01</subfield></datafield><datafield ind1="1" ind2="0" tag="245"><subfield code="a">&quot;Amida Buddha unsere Zuflucht&quot;</subfield><subfield code="b">Urkunden zum Verständnis des japanischen Sukhāvatī-Buddhismus</subfield><subfield code="c">von Hans Haas</subfield></datafield><datafield ind1=" " ind2="1" tag="264"><subfield code="a">Göttingen</subfield><subfield code="a">Leipzig</subfield><subfield code="b">Vandenhoeck &amp; Ruprecht</subfield><subfield code="b">J.C. Hinrichs'sche Buchhandlung</subfield><subfield code="c">1910</subfield></datafield><datafield ind1=" " ind2=" " tag="300"><subfield code="a">VIII, 185 p.</subfield><subfield code="c">27 cm</subfield></datafield><datafield ind1=" " ind2=" " tag="336"><subfield code="b">txt</subfield><subfield code="2">rdacontent</subfield></datafield><datafield ind1=" " ind2=" " tag="337"><subfield code="b">n</subfield><subfield code="2">rdamedia</subfield></datafield><datafield ind1=" " ind2=" " tag="338"><subfield code="b">nc</subfield><subfield code="2">rdacarrier</subfield></datafield><datafield ind1="1" ind2=" " tag="490"><subfield code="a">Quellen der Religions-Geschichte</subfield><subfield code="v">Bd. 2 = Gruppe 8</subfield></datafield><datafield ind1="0" ind2="7" tag="600"><subfield code="a">Amida</subfield><subfield code="0">(RERO)A010042409</subfield><subfield code="2">rero</subfield></datafield><datafield ind1=" " ind2="7" tag="650"><subfield code="a">Bouddhisme de la Terre pure</subfield><subfield code="0">(IDREF)027600742</subfield><subfield code="2">idref</subfield></datafield><datafield ind1=" " ind2="4" tag="650"><subfield code="a">Amidismus</subfield></datafield><datafield ind1=" " ind2=" " tag="830"><subfield code="a">Quellen der Religionsgeschichte</subfield><subfield code="v">2</subfield><subfield code="w">(NEBIS)000061475EBI01</subfield></datafield><datafield ind1=" " ind2=" " tag="830"><subfield code="a">Quellen der Religionsgeschichte</subfield><subfield code="v">8/2</subfield><subfield code="w">(IDSBB)000319289DSV01</subfield></datafield><datafield ind1=" " ind2=" " tag="900"><subfield code="a">REROnoselfmerge</subfield></datafield></record>
</metadata></record>