<record><header><identifier>oai:alma.41SLSP_UGE:991000039839705502</identifier><datestamp>2024-08-08T00:05:57Z</datestamp><setSpec>uge_bcen_RapidILL_BOOK</setSpec><setSpec>uge_aaca_RapidILL_BOOK</setSpec><setSpec>uge_abels_RapidILL_BOOK</setSpec><setSpec>uge_dbu_RapidILL_BOOK</setSpec><setSpec>uge_cmu_RapidILL_BOOK</setSpec><setSpec>uge_mail_RapidILL_BOOK</setSpec><setSpec>uge_abbat_RapidILL_BOOK</setSpec><setSpec>UNIGE_ALL</setSpec><setSpec>uge_aobs_RapidILL_BOOK</setSpec><setSpec>uge_acar_RapidILL_BOOK</setSpec></header><metadata>
<record xmlns="http://www.loc.gov/MARC21/slim" xmlns:xsi="http://www.w3.org/2001/XMLSchema-instance" xsi:schemaLocation="http://www.loc.gov/MARC21/slim http://www.loc.gov/standards/marcxml/schema/MARC21slim.xsd"><leader>00941nam a2200265 c 4500</leader><controlfield tag="001">991000039839705502</controlfield><controlfield tag="005">20240807110518.0</controlfield><controlfield tag="008">920925s1991    gw ||||| |||| 00| ||ger d</controlfield><datafield ind1=" " ind2=" " tag="020"><subfield code="a">3379000744</subfield></datafield><datafield ind1=" " ind2=" " tag="035"><subfield code="a">(swissbib)08690888X-41slsp_network</subfield></datafield><datafield ind1=" " ind2=" " tag="035"><subfield code="a">08690888X</subfield><subfield code="9">ExL</subfield></datafield><datafield ind1=" " ind2=" " tag="035"><subfield code="a">(RERO)1581561-41slsp</subfield></datafield><datafield ind1=" " ind2=" " tag="035"><subfield code="a">(EXLNZ-41SLSP_NETWORK)991142063409705501</subfield></datafield><datafield ind1=" " ind2=" " tag="040"><subfield code="a">RERO geulal</subfield><subfield code="d">CH-ZuSLS</subfield></datafield><datafield ind1=" " ind2="7" tag="072"><subfield code="a">al</subfield><subfield code="2">rero</subfield></datafield><datafield ind1="0" ind2="0" tag="245"><subfield code="a">Appellation and das Publikum..</subfield><subfield code="b">Dokumente zum Atheismusstreit um Fichte, Forberg, Niethammer, Jena 1798/99</subfield><subfield code="c">[hrsg. von Werner Röhr]</subfield></datafield><datafield ind1=" " ind2=" " tag="250"><subfield code="a">[2., korrigierte Aufl.]</subfield></datafield><datafield ind1=" " ind2="1" tag="264"><subfield code="a">Leipzig</subfield><subfield code="b">Reclam-Verl</subfield><subfield code="c">1991</subfield></datafield><datafield ind1=" " ind2=" " tag="300"><subfield code="a">621 p.</subfield><subfield code="c">18 cm</subfield></datafield><datafield ind1=" " ind2=" " tag="336"><subfield code="b">txt</subfield><subfield code="2">rdacontent</subfield></datafield><datafield ind1=" " ind2=" " tag="337"><subfield code="b">n</subfield><subfield code="2">rdamedia</subfield></datafield><datafield ind1=" " ind2=" " tag="338"><subfield code="b">nc</subfield><subfield code="2">rdacarrier</subfield></datafield><datafield ind1="1" ind2=" " tag="490"><subfield code="a">Reclam-Bibliothek</subfield><subfield code="v">Bd. 1179. Philosophie, Geschichte, Kulturgeschichte</subfield></datafield><datafield ind1="1" ind2=" " tag="700"><subfield code="a">Röhr, Werner</subfield><subfield code="d">1941-2022</subfield><subfield code="0">(IDREF)028389867</subfield></datafield><datafield ind1=" " ind2=" " tag="830"><subfield code="a">Reclam-Bibliothek</subfield><subfield code="v">1179</subfield><subfield code="w">(RERO)1930392-41slsp</subfield></datafield><datafield ind1=" " ind2=" " tag="900"><subfield code="a">REROnoselfmerge</subfield></datafield></record>
</metadata></record>