<record><header><identifier>oai:alma.41SLSP_UGE:991000039109705502</identifier><datestamp>2023-11-25T02:40:05Z</datestamp><setSpec>uge_bcen_RapidILL_BOOK</setSpec><setSpec>uge_aaca_RapidILL_BOOK</setSpec><setSpec>uge_abels_RapidILL_BOOK</setSpec><setSpec>uge_dbu_RapidILL_BOOK</setSpec><setSpec>uge_cmu_RapidILL_BOOK</setSpec><setSpec>uge_mail_RapidILL_BOOK</setSpec><setSpec>uge_abbat_RapidILL_BOOK</setSpec><setSpec>UNIGE_ALL</setSpec><setSpec>uge_acar_RapidILL_BOOK</setSpec><setSpec>uge_aobs_RapidILL_BOOK</setSpec></header><metadata>
<record xmlns="http://www.loc.gov/MARC21/slim" xmlns:xsi="http://www.w3.org/2001/XMLSchema-instance" xsi:schemaLocation="http://www.loc.gov/MARC21/slim http://www.loc.gov/standards/marcxml/schema/MARC21slim.xsd"><leader>02052nam a2200469 c 4500</leader><controlfield tag="001">991000039109705502</controlfield><controlfield tag="005">20230327183723.0</controlfield><controlfield tag="008">201012s2011    fr            00| | fre|d</controlfield><datafield ind1=" " ind2=" " tag="020"><subfield code="z">2912660</subfield></datafield><datafield ind1="7" ind2=" " tag="024"><subfield code="a">http://catalogue.bnf.fr/ark:/12148/cb424771852</subfield><subfield code="2">uri</subfield></datafield><datafield ind1=" " ind2=" " tag="035"><subfield code="a">(swissbib)235270407-41slsp_network</subfield></datafield><datafield ind1=" " ind2=" " tag="035"><subfield code="a">235270407</subfield><subfield code="9">ExL</subfield></datafield><datafield ind1=" " ind2=" " tag="035"><subfield code="a">(IDSBB)006037542DSV01</subfield></datafield><datafield ind1=" " ind2=" " tag="035"><subfield code="a">(RERO)R006310276-41slsp</subfield></datafield><datafield ind1=" " ind2=" " tag="035"><subfield code="a">(NEBIS)009697449EBI01</subfield></datafield><datafield ind1=" " ind2=" " tag="035"><subfield code="a">(ALEX)bv001492632</subfield></datafield><datafield ind1=" " ind2=" " tag="035"><subfield code="a">(EXLNZ-41SLSP_NETWORK)991116561529705501</subfield></datafield><datafield ind1=" " ind2=" " tag="040"><subfield code="a">FRBNF</subfield><subfield code="e">kids</subfield><subfield code="d">CH-ZuSLS</subfield></datafield><datafield ind1=" " ind2="7" tag="072"><subfield code="a">ar</subfield><subfield code="2">rero</subfield></datafield><datafield ind1="0" ind2="0" tag="082"><subfield code="a">733.309 38</subfield></datafield><datafield ind1="0" ind2="0" tag="245"><subfield code="a">Zervos et l'art des Cyclades</subfield><subfield code="c">[sous la direction d'Annie Caubet avec la collaboration de Pat Getz-Gentle ... et al.]</subfield></datafield><datafield ind1=" " ind2="1" tag="264"><subfield code="a">[Paris]</subfield><subfield code="b">[de Boccard]</subfield><subfield code="c">2011</subfield></datafield><datafield ind1=" " ind2=" " tag="300"><subfield code="a">1 vol. (83 p.)</subfield><subfield code="b">ill. en noir et en coul., carte, couv. ill. en coul.</subfield><subfield code="c">25 cm</subfield></datafield><datafield ind1=" " ind2=" " tag="336"><subfield code="b">txt</subfield><subfield code="2">rdacontent</subfield></datafield><datafield ind1=" " ind2=" " tag="337"><subfield code="b">n</subfield><subfield code="2">rdamedia</subfield></datafield><datafield ind1=" " ind2=" " tag="338"><subfield code="b">nc</subfield><subfield code="2">rdacarrier</subfield></datafield><datafield ind1=" " ind2=" " tag="500"><subfield code="a">Bibliogr. p. 80-81. Notes bibliogr.</subfield></datafield><datafield ind1=" " ind2=" " tag="500"><subfield code="a">Publikation zur gleichnahmigen Ausstellung: Musée Zervos, Vézelay, 24 Juni - 14. November 2011</subfield></datafield><datafield ind1=" " ind2=" " tag="500"><subfield code="a">Texte de P. Getz-Gentle en anglais avec trad. française en regard</subfield></datafield><datafield ind1="2" ind2="7" tag="610"><subfield code="a">Musée Zervos - Maison Romain Rolland (Vézelay)</subfield><subfield code="0">(RERO)A012577340</subfield><subfield code="2">rero</subfield></datafield><datafield ind1=" " ind2="7" tag="650"><subfield code="a">mobilier archéologique</subfield><subfield code="0">(RERO)A010009744</subfield><subfield code="2">rerovoc</subfield></datafield><datafield ind1=" " ind2="7" tag="650"><subfield code="a">Antiquité</subfield><subfield code="0">(IDREF)027789888</subfield><subfield code="2">idref</subfield></datafield><datafield ind1=" " ind2="7" tag="650"><subfield code="a">Art grec cycladique</subfield><subfield code="0">(RERO)A027725547</subfield><subfield code="2">rero</subfield></datafield><datafield ind1=" " ind2="7" tag="650"><subfield code="a">Sculpture grecque antique cycladique</subfield><subfield code="0">(RERO)A027726910</subfield><subfield code="2">rero</subfield></datafield><datafield ind1=" " ind2="7" tag="655"><subfield code="a">Catalogues d'exposition</subfield><subfield code="0">(IDREF)027320456</subfield><subfield code="2">idref</subfield></datafield><datafield ind1=" " ind2="7" tag="655"><subfield code="a">Catalogues</subfield><subfield code="0">(IDREF)027793222</subfield><subfield code="2">idref</subfield></datafield><datafield ind1=" " ind2="7" tag="655"><subfield code="a">Ausstellungskatalog</subfield><subfield code="z">Vézelay</subfield><subfield code="y">2011</subfield><subfield code="2">gnd-content</subfield></datafield><datafield ind1="1" ind2=" " tag="700"><subfield code="a">Caubet, Annie</subfield><subfield code="0">(DE-588)188484035</subfield></datafield><datafield ind1="1" ind2=" " tag="700"><subfield code="a">Getz-Gentle, Pat</subfield><subfield code="d">1940-</subfield><subfield code="0">(DE-588)1055798218</subfield><subfield code="6">880-03</subfield></datafield><datafield ind1="1" ind2=" " tag="880"><subfield code="a">Getz-Gentle, Pat</subfield><subfield code="0">(RERO)A003292512</subfield><subfield code="6">700-03</subfield></datafield><datafield ind1="2" ind2=" " tag="710"><subfield code="a">Musée Zervos</subfield><subfield code="g">Vézelay</subfield><subfield code="0">(DE-588)10141693-3</subfield><subfield code="6">880-04</subfield></datafield><datafield ind1="2" ind2=" " tag="880"><subfield code="6">710-04</subfield><subfield code="a">Musée Zervos</subfield><subfield code="g">Vézelay, Yonne</subfield><subfield code="0">(IDREF)111978300</subfield></datafield><datafield ind1=" " ind2=" " tag="900"><subfield code="a">REROnoselfmerge</subfield></datafield><datafield ind1=" " ind2=" " tag="910"><subfield code="a">BNF</subfield><subfield code="b">20111011</subfield><subfield code="c">Droits réservés</subfield></datafield></record>
</metadata></record>