<record><header><identifier>oai:alma.41SLSP_UGE:991000039649705502</identifier><datestamp>2023-11-25T01:39:08Z</datestamp><setSpec>uge_bcen_RapidILL_BOOK</setSpec><setSpec>uge_aaca_RapidILL_BOOK</setSpec><setSpec>uge_abels_RapidILL_BOOK</setSpec><setSpec>uge_dbu_RapidILL_BOOK</setSpec><setSpec>uge_cmu_RapidILL_BOOK</setSpec><setSpec>uge_mail_RapidILL_BOOK</setSpec><setSpec>uge_abbat_RapidILL_BOOK</setSpec><setSpec>UNIGE_ALL</setSpec><setSpec>uge_aobs_RapidILL_BOOK</setSpec><setSpec>uge_acar_RapidILL_BOOK</setSpec></header><metadata>
<record xmlns="http://www.loc.gov/MARC21/slim" xmlns:xsi="http://www.w3.org/2001/XMLSchema-instance" xsi:schemaLocation="http://www.loc.gov/MARC21/slim http://www.loc.gov/standards/marcxml/schema/MARC21slim.xsd"><leader>01940nam a2200421 c 4500</leader><controlfield tag="001">991000039649705502</controlfield><controlfield tag="005">20230327201731.0</controlfield><controlfield tag="008">201012s1967    au ||||| |||| 00| ||ger d</controlfield><datafield ind1=" " ind2=" " tag="010"><subfield code="a">67013362</subfield></datafield><datafield ind1=" " ind2=" " tag="035"><subfield code="a">(swissbib)239473388-41slsp_network</subfield></datafield><datafield ind1=" " ind2=" " tag="035"><subfield code="a">239473388</subfield><subfield code="9">ExL</subfield></datafield><datafield ind1=" " ind2=" " tag="035"><subfield code="a">(RERO)0735343-41slsp</subfield></datafield><datafield ind1=" " ind2=" " tag="035"><subfield code="a">(NEBIS)000602250EBI01</subfield></datafield><datafield ind1=" " ind2=" " tag="035"><subfield code="a">(IDSBB)003268309DSV01</subfield></datafield><datafield ind1=" " ind2=" " tag="035"><subfield code="a">(ALEX)bv000975497</subfield></datafield><datafield ind1=" " ind2=" " tag="035"><subfield code="a">(EXLNZ-41SLSP_NETWORK)991086646569705501</subfield></datafield><datafield ind1=" " ind2=" " tag="040"><subfield code="a">RERO geussp</subfield><subfield code="d">CH-ZuSLS</subfield></datafield><datafield ind1="0" ind2=" " tag="041"><subfield code="a">ger</subfield><subfield code="a">eng</subfield><subfield code="a">fre</subfield></datafield><datafield ind1=" " ind2="7" tag="072"><subfield code="a">py</subfield><subfield code="2">rero</subfield></datafield><datafield ind1="0" ind2="0" tag="245"><subfield code="a">Kurzzeitphysik</subfield><subfield code="b">= High-speed physics = Physique des phénomènes ultra-rapides</subfield><subfield code="c">hrsg. von K. Vollrath und G. Thomer</subfield></datafield><datafield ind1="1" ind2=" " tag="246"><subfield code="a">High-speed physics</subfield></datafield><datafield ind1="1" ind2=" " tag="246"><subfield code="a">Physique des phénomènes ultra-rapides</subfield></datafield><datafield ind1=" " ind2="1" tag="264"><subfield code="a">Wien</subfield><subfield code="a">New York</subfield><subfield code="b">Springer</subfield><subfield code="c">1967</subfield></datafield><datafield ind1=" " ind2=" " tag="300"><subfield code="a">XXII, 1066 p.</subfield><subfield code="b">ill.</subfield><subfield code="c">25 cm</subfield></datafield><datafield ind1=" " ind2=" " tag="336"><subfield code="b">txt</subfield><subfield code="2">rdacontent</subfield></datafield><datafield ind1=" " ind2=" " tag="337"><subfield code="b">n</subfield><subfield code="2">rdamedia</subfield></datafield><datafield ind1=" " ind2=" " tag="338"><subfield code="b">nc</subfield><subfield code="2">rdacarrier</subfield></datafield><datafield ind1=" " ind2="7" tag="650"><subfield code="a">BLITZLICHT (PHOTOGRAPHIE)</subfield><subfield code="9">ger</subfield><subfield code="0">(ETHUDK)000035917</subfield><subfield code="2">ethudk</subfield></datafield><datafield ind1=" " ind2="7" tag="650"><subfield code="a">CHEMISCHE STOSSROHRE + DÜSENREAKTOREN (CHEMISCHE VERFAHRENSTECHNIK)</subfield><subfield code="9">ger</subfield><subfield code="0">(ETHUDK)000032705</subfield><subfield code="2">ethudk</subfield></datafield><datafield ind1=" " ind2="7" tag="650"><subfield code="a">DETONATION/SPRENGSTOFFE</subfield><subfield code="9">ger</subfield><subfield code="0">(ETHUDK)000033190</subfield><subfield code="2">ethudk</subfield></datafield><datafield ind1=" " ind2="7" tag="650"><subfield code="a">GASEXPLOSION (CHEMISCHE KINETIK)</subfield><subfield code="9">ger</subfield><subfield code="0">(ETHUDK)000015979</subfield><subfield code="2">ethudk</subfield></datafield><datafield ind1=" " ind2="7" tag="650"><subfield code="a">HOHLLADUNGEN (ARTILLERIEMUNITION)</subfield><subfield code="9">ger</subfield><subfield code="0">(ETHUDK)000029626</subfield><subfield code="2">ethudk</subfield></datafield><datafield ind1=" " ind2="7" tag="650"><subfield code="a">HYPERSCHALL (AKUSTIK)</subfield><subfield code="9">ger</subfield><subfield code="0">(ETHUDK)000014699</subfield><subfield code="2">ethudk</subfield></datafield><datafield ind1=" " ind2="7" tag="650"><subfield code="a">IMPULSVERFAHREN (ELEKTRISCHE SCHWINGUNGSTECHNIK)</subfield><subfield code="9">ger</subfield><subfield code="0">(ETHUDK)000028579</subfield><subfield code="2">ethudk</subfield></datafield><datafield ind1=" " ind2="7" tag="650"><subfield code="a">KERRZELLEN + KAROLUSZELLEN (OPTOELEKTRONIK)</subfield><subfield code="9">ger</subfield><subfield code="0">(ETHUDK)000028680</subfield><subfield code="2">ethudk</subfield></datafield><datafield ind1=" " ind2="7" tag="650"><subfield code="a">KURZZEITPHOTOGRAPHIE, ULTRAKURZZEITPHOTOGRAPHIE (PHOTOGRAPHIE)</subfield><subfield code="9">ger</subfield><subfield code="0">(ETHUDK)000035967</subfield><subfield code="2">ethudk</subfield></datafield><datafield ind1=" " ind2="7" tag="650"><subfield code="a">SPANNUNGSOPTIK MIT POLARISIERTEM LICHT (MATERIALPRÜFUNG)</subfield><subfield code="9">ger</subfield><subfield code="0">(ETHUDK)000027681</subfield><subfield code="2">ethudk</subfield></datafield><datafield ind1=" " ind2="7" tag="650"><subfield code="a">STOSSWELLEN + SCHOCKWELLEN (FLUIDDYNAMIK)</subfield><subfield code="9">ger</subfield><subfield code="0">(ETHUDK)000014585</subfield><subfield code="2">ethudk</subfield></datafield><datafield ind1="1" ind2=" " tag="700"><subfield code="a">Vollrath, K</subfield><subfield code="0">(RERO)A003948889</subfield></datafield><datafield ind1=" " ind2=" " tag="900"><subfield code="a">REROnoselfmerge</subfield></datafield></record>
</metadata></record>