<record><header><identifier>oai:alma.41SLSP_UGE:991000039959705502</identifier><datestamp>2023-04-16T00:11:47Z</datestamp><setSpec>uge_bcen_RapidILL_BOOK</setSpec><setSpec>uge_aaca_RapidILL_BOOK</setSpec><setSpec>uge_abels_RapidILL_BOOK</setSpec><setSpec>uge_dbu_RapidILL_BOOK</setSpec><setSpec>uge_cmu_RapidILL_BOOK</setSpec><setSpec>uge_mail_RapidILL_BOOK</setSpec><setSpec>UNIGE_ALL</setSpec><setSpec>uge_abbat_RapidILL_BOOK</setSpec><setSpec>uge_acar_RapidILL_BOOK</setSpec><setSpec>uge_aobs_RapidILL_BOOK</setSpec></header><metadata>
<record xmlns="http://www.loc.gov/MARC21/slim" xmlns:xsi="http://www.w3.org/2001/XMLSchema-instance" xsi:schemaLocation="http://www.loc.gov/MARC21/slim http://www.loc.gov/standards/marcxml/schema/MARC21slim.xsd"><leader>01196nam a22003497c 4500</leader><controlfield tag="001">991000039959705502</controlfield><controlfield tag="005">20230406113227.0</controlfield><controlfield tag="008">201012s1997    sp ||||| |||| 00| ||spa d</controlfield><datafield ind1=" " ind2=" " tag="020"><subfield code="a">8437615852</subfield></datafield><datafield ind1=" " ind2=" " tag="035"><subfield code="a">(swissbib)243145764-41slsp_network</subfield></datafield><datafield ind1=" " ind2=" " tag="035"><subfield code="a">243145764</subfield><subfield code="9">ExL</subfield></datafield><datafield ind1=" " ind2=" " tag="035"><subfield code="a">(RERO)R244560260-41slsp</subfield></datafield><datafield ind1=" " ind2=" " tag="035"><subfield code="a">(IDSBB)001936617DSV01</subfield></datafield><datafield ind1=" " ind2=" " tag="035"><subfield code="a">(NEBIS)008074268EBI01</subfield></datafield><datafield ind1=" " ind2=" " tag="035"><subfield code="a">(EXLNZ-41SLSP_NETWORK)991011484229705501</subfield></datafield><datafield ind1=" " ind2=" " tag="040"><subfield code="a">RERO frbcuc</subfield><subfield code="d">CH-ZuSLS</subfield></datafield><datafield ind1=" " ind2="7" tag="072"><subfield code="a">es</subfield><subfield code="2">rero</subfield></datafield><datafield ind1="1" ind2=" " tag="080"><subfield code="a">860&quot;19&quot;BLA7Ent</subfield></datafield><datafield ind1=" " ind2=" " tag="084"><subfield code="a">IP 3367</subfield><subfield code="2">rvk</subfield></datafield><datafield ind1="1" ind2=" " tag="100"><subfield code="a">Blasco Ibáñez, Vicente</subfield><subfield code="d">1867-1928</subfield><subfield code="6">880-01</subfield><subfield code="0">(DE-588)11866381X</subfield></datafield><datafield ind1="1" ind2=" " tag="880"><subfield code="6">100-01</subfield><subfield code="a">Blasco Ibáñez, Vicente</subfield><subfield code="d">1867-1928</subfield><subfield code="0">(IDREF)027367886</subfield><subfield code="4">cre</subfield></datafield><datafield ind1="1" ind2="0" tag="245"><subfield code="a">Entre naranjos</subfield><subfield code="c">Vicente Blasco Ibáñez ; ed. de José Mas y María Teresa Mateu</subfield></datafield><datafield ind1=" " ind2="1" tag="264"><subfield code="a">Madrid</subfield><subfield code="b">Cátedra</subfield><subfield code="c">1997</subfield></datafield><datafield ind1=" " ind2=" " tag="300"><subfield code="a">355 p.</subfield><subfield code="c">18 cm</subfield></datafield><datafield ind1=" " ind2=" " tag="336"><subfield code="b">txt</subfield><subfield code="2">rdacontent</subfield></datafield><datafield ind1=" " ind2=" " tag="337"><subfield code="b">n</subfield><subfield code="2">rdamedia</subfield></datafield><datafield ind1=" " ind2=" " tag="338"><subfield code="b">nc</subfield><subfield code="2">rdacarrier</subfield></datafield><datafield ind1="1" ind2=" " tag="490"><subfield code="a">Letras hispánicas</subfield><subfield code="v">435</subfield></datafield><datafield ind1="1" ind2=" " tag="700"><subfield code="a">Mateu, María Teresa</subfield></datafield><datafield ind1="1" ind2=" " tag="700"><subfield code="a">Más, José</subfield><subfield code="0">(RERO)A003625428</subfield></datafield><datafield ind1=" " ind2=" " tag="830"><subfield code="a">Letras hispánicas</subfield><subfield code="v">435</subfield><subfield code="w">(IDSBB)000499279DSV01</subfield></datafield><datafield ind1=" " ind2=" " tag="830"><subfield code="a">Letras hispánicas</subfield><subfield code="p">Cátedra</subfield><subfield code="v">435</subfield><subfield code="w">(RERO)0139749-41slsp</subfield></datafield><datafield ind1=" " ind2=" " tag="900"><subfield code="a">REROnoselfmerge</subfield></datafield><datafield ind1=" " ind2=" " tag="993"><subfield code="a">BFLA 126049</subfield><subfield code="x">ge/ules/a/99/66</subfield><subfield code="9">LOCAL</subfield></datafield></record>
</metadata></record>