<record><header><identifier>oai:alma.41SLSP_UGE:991000039329705502</identifier><datestamp>2023-03-01T01:08:54Z</datestamp><setSpec>uge_bcen_RapidILL_BOOK</setSpec><setSpec>uge_aaca_RapidILL_BOOK</setSpec><setSpec>uge_abels_RapidILL_BOOK</setSpec><setSpec>uge_dbu_RapidILL_BOOK</setSpec><setSpec>uge_cmu_RapidILL_BOOK</setSpec><setSpec>uge_mail_RapidILL_BOOK</setSpec><setSpec>UNIGE_ALL</setSpec><setSpec>uge_abbat_RapidILL_BOOK</setSpec><setSpec>uge_aobs_RapidILL_BOOK</setSpec><setSpec>uge_acar_RapidILL_BOOK</setSpec></header><metadata>
<record xmlns="http://www.loc.gov/MARC21/slim" xmlns:xsi="http://www.w3.org/2001/XMLSchema-instance" xsi:schemaLocation="http://www.loc.gov/MARC21/slim http://www.loc.gov/standards/marcxml/schema/MARC21slim.xsd"><leader>01483nam a2200397 c 4500</leader><controlfield tag="001">991000039329705502</controlfield><controlfield tag="005">20201230224154.0</controlfield><controlfield tag="008">201011s1973    hu ||||| |||| 00| ||fre d</controlfield><datafield ind1=" " ind2=" " tag="035"><subfield code="a">(swissbib)225156113-41slsp_network</subfield></datafield><datafield ind1=" " ind2=" " tag="035"><subfield code="a">225156113</subfield><subfield code="9">ExL</subfield></datafield><datafield ind1=" " ind2=" " tag="035"><subfield code="a">(RERO)0065350-41slsp</subfield></datafield><datafield ind1=" " ind2=" " tag="035"><subfield code="a">(NEBIS)004126709EBI01</subfield></datafield><datafield ind1=" " ind2=" " tag="035"><subfield code="a">(IDSBB)000474859DSV01</subfield></datafield><datafield ind1=" " ind2=" " tag="035"><subfield code="a">(EXLNZ-41SLSP_NETWORK)991089594539705501</subfield></datafield><datafield ind1=" " ind2=" " tag="040"><subfield code="a">RERO</subfield><subfield code="d">CH-ZuSLS</subfield></datafield><datafield ind1="1" ind2=" " tag="041"><subfield code="a">fre</subfield><subfield code="h">hun</subfield></datafield><datafield ind1=" " ind2="7" tag="072"><subfield code="a">di</subfield><subfield code="2">rero</subfield></datafield><datafield ind1=" " ind2="7" tag="072"><subfield code="a">fu</subfield><subfield code="2">SzZuIDS BS/BE</subfield></datafield><datafield ind1="1" ind2=" " tag="100"><subfield code="a">Petőfi, Sándor</subfield><subfield code="d">1823-1849</subfield><subfield code="0">(DE-588)118593226</subfield><subfield code="6">880-01</subfield></datafield><datafield ind1="1" ind2=" " tag="880"><subfield code="a">Petőfi, Sándor</subfield><subfield code="0">(RERO)A003688024</subfield><subfield code="4">cre</subfield><subfield code="6">100-01</subfield></datafield><datafield ind1="1" ind2="0" tag="245"><subfield code="a">Sándor Petőfi raconte sa propre vie</subfield><subfield code="b">[1823-1973]</subfield><subfield code="c">[réd. et introd. par György Radó]</subfield></datafield><datafield ind1="1" ind2="4" tag="246"><subfield code="a">Petőfi 1823-1973</subfield></datafield><datafield ind1=" " ind2="1" tag="264"><subfield code="a">Budapest</subfield><subfield code="b">Pannonia</subfield><subfield code="c">[1973?]</subfield></datafield><datafield ind1=" " ind2=" " tag="300"><subfield code="a">47 p.</subfield><subfield code="b">ill.</subfield><subfield code="c">20 cm</subfield></datafield><datafield ind1=" " ind2=" " tag="336"><subfield code="b">txt</subfield><subfield code="2">rdacontent</subfield></datafield><datafield ind1=" " ind2=" " tag="337"><subfield code="b">n</subfield><subfield code="2">rdamedia</subfield></datafield><datafield ind1=" " ind2=" " tag="338"><subfield code="b">nc</subfield><subfield code="2">rdacarrier</subfield></datafield><datafield ind1=" " ind2=" " tag="500"><subfield code="a">La couv. porte : Petőfi : 1823-1973</subfield></datafield><datafield ind1=" " ind2=" " tag="500"><subfield code="a">Umschlagtitel: Petőfi, 1823-1973</subfield></datafield><datafield ind1="1" ind2="7" tag="600"><subfield code="a">Petőfi, Sándor</subfield><subfield code="d">1823-1849</subfield><subfield code="0">(IDREF)027335992</subfield><subfield code="2">idref</subfield></datafield><datafield ind1="1" ind2="7" tag="600"><subfield code="a">Petöfi, Alexander</subfield><subfield code="2">idszbz</subfield></datafield><datafield ind1=" " ind2="7" tag="655"><subfield code="a">Autobiographie</subfield><subfield code="2">idszbz</subfield></datafield><datafield ind1="1" ind2=" " tag="700"><subfield code="a">Radó, György</subfield><subfield code="d">1912-1994</subfield><subfield code="0">(DE-588)119379783</subfield><subfield code="6">880-02</subfield></datafield><datafield ind1="1" ind2=" " tag="880"><subfield code="6">700-02</subfield><subfield code="a">Radó, György</subfield><subfield code="d">1912-1994</subfield><subfield code="0">(IDREF)243804121</subfield></datafield><datafield ind1="0" ind2=" " tag="730"><subfield code="a">Petőfi</subfield></datafield><datafield ind1=" " ind2=" " tag="900"><subfield code="a">REROnoselfmerge</subfield></datafield><datafield ind1=" " ind2=" " tag="900"><subfield code="a">IDSZ2zbzmon200105e</subfield><subfield code="c">IDSZ2kuns 010511</subfield><subfield code="d">IDSZ2zbzswk200105b</subfield><subfield code="e">IDSZ2luif</subfield></datafield></record>
</metadata></record>