<record><header><identifier>oai:alma.41SLSP_UGE:991000039119705502</identifier><datestamp>2023-12-04T01:33:07Z</datestamp><setSpec>uge_bcen_RapidILL_BOOK</setSpec><setSpec>uge_aaca_RapidILL_BOOK</setSpec><setSpec>uge_abels_RapidILL_BOOK</setSpec><setSpec>uge_dbu_RapidILL_BOOK</setSpec><setSpec>uge_cmu_RapidILL_BOOK</setSpec><setSpec>uge_mail_RapidILL_BOOK</setSpec><setSpec>uge_abbat_RapidILL_BOOK</setSpec><setSpec>UNIGE_ALL</setSpec><setSpec>uge_aobs_RapidILL_BOOK</setSpec><setSpec>uge_acar_RapidILL_BOOK</setSpec></header><metadata>
<record xmlns="http://www.loc.gov/MARC21/slim" xmlns:xsi="http://www.w3.org/2001/XMLSchema-instance" xsi:schemaLocation="http://www.loc.gov/MARC21/slim http://www.loc.gov/standards/marcxml/schema/MARC21slim.xsd"><leader>04429nam a2200805uc 4500</leader><controlfield tag="001">991000039119705502</controlfield><controlfield tag="005">20231203193052.0</controlfield><controlfield tag="008">201011s1998    sz            00| | ger  </controlfield><datafield ind1=" " ind2=" " tag="020"><subfield code="a">3908545358</subfield></datafield><datafield ind1=" " ind2=" " tag="035"><subfield code="a">(swissbib)221340475-41slsp_network</subfield></datafield><datafield ind1=" " ind2=" " tag="035"><subfield code="a">221340475</subfield><subfield code="9">ExL</subfield></datafield><datafield ind1=" " ind2=" " tag="035"><subfield code="a">(IDSSG)000166424HSB01</subfield></datafield><datafield ind1=" " ind2=" " tag="035"><subfield code="a">(RERO)R235223660-41slsp</subfield></datafield><datafield ind1=" " ind2=" " tag="035"><subfield code="a">(IDSLU)000109523ILU01</subfield></datafield><datafield ind1=" " ind2=" " tag="035"><subfield code="a">(NEBIS)001931299EBI01</subfield></datafield><datafield ind1=" " ind2=" " tag="035"><subfield code="a">(EXLNZ-41SLSP_NETWORK)991031006819705501</subfield></datafield><datafield ind1=" " ind2=" " tag="040"><subfield code="a">SzZuIDS HSG</subfield><subfield code="b">ger</subfield><subfield code="e">kids</subfield><subfield code="d">CH-ZuSLS</subfield></datafield><datafield ind1=" " ind2=" " tag="044"><subfield code="a">sz</subfield><subfield code="c">ch-sg</subfield></datafield><datafield ind1=" " ind2="7" tag="072"><subfield code="a">se</subfield><subfield code="2">rero</subfield></datafield><datafield ind1=" " ind2="7" tag="072"><subfield code="a">171</subfield><subfield code="2">IDS LU</subfield></datafield><datafield ind1="0" ind2="4" tag="082"><subfield code="a">658.827</subfield><subfield code="2">22</subfield></datafield><datafield ind1=" " ind2=" " tag="084"><subfield code="a">QP 624</subfield><subfield code="2">rvk</subfield></datafield><datafield ind1="0" ind2="0" tag="245"><subfield code="a">Markenmanagement für Dienstleistungen</subfield><subfield code="c">Hrsg.: Torsten Tomczak, Marcus Schögel, Eva Ludwig</subfield></datafield><datafield ind1=" " ind2="1" tag="264"><subfield code="a">St. Gallen</subfield><subfield code="b">Verlag Thexis</subfield><subfield code="c">1998</subfield></datafield><datafield ind1=" " ind2="4" tag="264"><subfield code="c">© 1998</subfield></datafield><datafield ind1=" " ind2=" " tag="300"><subfield code="a">235 S.</subfield><subfield code="b">Ill., Tab.</subfield><subfield code="c">26 cm</subfield></datafield><datafield ind1=" " ind2=" " tag="336"><subfield code="b">txt</subfield><subfield code="2">rdacontent</subfield></datafield><datafield ind1=" " ind2=" " tag="337"><subfield code="b">n</subfield><subfield code="2">rdamedia</subfield></datafield><datafield ind1=" " ind2=" " tag="338"><subfield code="b">nc</subfield><subfield code="2">rdacarrier</subfield></datafield><datafield ind1="0" ind2=" " tag="490"><subfield code="a">Fachbuch für Marketing</subfield></datafield><datafield ind1=" " ind2=" " tag="500"><subfield code="a">Enth.: Agile Markenführung / Christian Belz. Strategische Markenführung für Dienstleistungen / Torsten Tomczak, Eva Ludwig</subfield></datafield><datafield ind1=" " ind2=" " tag="504"><subfield code="a">Literaturangaben</subfield></datafield><datafield ind1=" " ind2="7" tag="650"><subfield code="a">marque de commerce</subfield><subfield code="0">(RERO)A009959245</subfield><subfield code="2">rerovoc</subfield></datafield><datafield ind1=" " ind2="7" tag="650"><subfield code="a">Services</subfield><subfield code="0">(IDREF)027480879</subfield><subfield code="2">idref</subfield></datafield><datafield ind1=" " ind2="7" tag="650"><subfield code="a">Dienstleistungsmarke</subfield><subfield code="0">(DE-588)4070467-1</subfield><subfield code="2">gnd</subfield></datafield><datafield ind1=" " ind2="7" tag="650"><subfield code="a">Markenpolitik</subfield><subfield code="0">(DE-588)4144679-3</subfield><subfield code="2">gnd</subfield></datafield><datafield ind1=" " ind2="7" tag="650"><subfield code="a">Dienstleistung</subfield><subfield code="0">(DE-588)4012178-1</subfield><subfield code="2">gnd</subfield></datafield><datafield ind1=" " ind2="7" tag="650"><subfield code="a">Marketing</subfield><subfield code="0">(DE-588)4037589-4</subfield><subfield code="2">gnd</subfield></datafield><datafield ind1=" " ind2="7" tag="650"><subfield code="a">Dienstleistungsbetrieb</subfield><subfield code="0">(DE-588)4012181-1</subfield><subfield code="2">gnd</subfield></datafield><datafield ind1=" " ind2="7" tag="650"><subfield code="a">Dienstleistungsmarke</subfield><subfield code="2">idszbz</subfield></datafield><datafield ind1=" " ind2="7" tag="650"><subfield code="a">DIENSTLEISTUNGEN (WIRTSCHAFT)</subfield><subfield code="9">ger</subfield><subfield code="0">(ETHUDK)000059586</subfield><subfield code="2">ethudk</subfield></datafield><datafield ind1=" " ind2="7" tag="651"><subfield code="a">Schweiz</subfield><subfield code="2">idszbz</subfield></datafield><datafield ind1=" " ind2="7" tag="655"><subfield code="a">Aufsatzsammlung</subfield><subfield code="2">gnd-content</subfield></datafield><datafield ind1=" " ind2="7" tag="655"><subfield code="a">[Études diverses]</subfield><subfield code="0">(RERO)A022249905</subfield><subfield code="2">rero</subfield></datafield><datafield ind1=" " ind2=" " tag="690"><subfield code="e">9.515</subfield><subfield code="a">Marketingstrategie</subfield><subfield code="2">hsg-ivw</subfield></datafield><datafield ind1=" " ind2=" " tag="690"><subfield code="e">9.524</subfield><subfield code="a">Produktgestaltung</subfield><subfield code="2">hsg-ivw</subfield></datafield><datafield ind1=" " ind2=" " tag="690"><subfield code="e">9.516</subfield><subfield code="a">Versicherungsmarketing allgemein</subfield><subfield code="2">hsg-ivw</subfield></datafield><datafield ind1=" " ind2=" " tag="690"><subfield code="e">9.511</subfield><subfield code="a">Dienstleistungsmarketing</subfield><subfield code="2">hsg-ivw</subfield></datafield><datafield ind1=" " ind2=" " tag="690"><subfield code="e">9.52</subfield><subfield code="a">Marktleistungsgestaltung / Marketing-Mix</subfield><subfield code="2">hsg-ivw</subfield></datafield><datafield ind1=" " ind2=" " tag="690"><subfield code="e">382</subfield><subfield code="a">Dienstleistungen (allgemein)</subfield><subfield code="2">hsg-kmu</subfield></datafield><datafield ind1=" " ind2=" " tag="690"><subfield code="e">380.4</subfield><subfield code="a">Markenartikel, Preisbindung der zweiten Hand</subfield><subfield code="2">hsg-kmu</subfield></datafield><datafield ind1=" " ind2=" " tag="690"><subfield code="e">Pb100</subfield><subfield code="a">Marketing</subfield><subfield code="2">hsg-iwi</subfield></datafield><datafield ind1=" " ind2=" " tag="690"><subfield code="e">Z</subfield><subfield code="a">Management</subfield><subfield code="2">hsg-iwi</subfield></datafield><datafield ind1=" " ind2=" " tag="690"><subfield code="a">Dienstleistung; Management; Markenpolitik; Gestaltung; Handel; Transfer; Versprechen; Wandel; British Airways; Aufbau; Deichsel; Esch; Lederberuf; Rechtsberufe; Römer; Eva; Anregung; Bank; Forschungsinstitut; Hochschule; Kommunikation; Praxis; Reise</subfield><subfield code="2">idssg-J</subfield></datafield><datafield ind1=" " ind2=" " tag="690"><subfield code="a">Markenmanagement; Markengestaltung; Markentransfer; Qualitätsversprechen; Dienstleistungsmarke; Namensfindung; Franz-Rudolf; Meta-Marke; Erinnerungsverstärker; Vitalisierungsstrategie</subfield><subfield code="2">idssg-J</subfield></datafield><datafield ind1=" " ind2=" " tag="690"><subfield code="a">agile Markenführung; integrierte Kommunikation; neue Herausforderung; operative Markenführung; rechtliche Sicht; strategische Markenführung; umfassendes Qualitätsversprechen</subfield><subfield code="2">idssg-J</subfield></datafield><datafield ind1=" " ind2=" " tag="690"><subfield code="a">Schweiz C4EXSI</subfield><subfield code="2">idssg-J</subfield></datafield><datafield ind1=" " ind2=" " tag="690"><subfield code="a">Alexander Deichsel Aufbau Stärkung; Anton Meyer; Antonella Mei; Arnold Wilhelm; Bernd Stauss; Christian Beiz Strategische Markenführung; Christoph Vogler; Corinne Römer; Franz-Rudolf Esch; Gabriela Payer; Gema Olivar Pascual; Gema Olivar Pascual Teil Markenmanagement; Gerhild Werner Michael Richter; Henrik Sattler; Joachim Kernstock; McDonald; Michael Maier Teil Operative Markenführung; Monika Sandrock; Reto Egger Marke; Torsten Tomczak Marcus Schögel Eva Ludwig; Universität St. Gallen Vorwort Teill; Urs Binggeli; Werner Michael Richter; Werner Nuber</subfield><subfield code="2">idssg-J</subfield></datafield><datafield ind1=" " ind2=" " tag="690"><subfield code="a">Markenmanagement, B: Dienstleistung</subfield><subfield code="2">rzs-L1</subfield></datafield><datafield ind1=" " ind2=" " tag="690"><subfield code="a">Management, B: Markenartikel: Dienstleistung</subfield><subfield code="2">rzs-L1</subfield></datafield><datafield ind1=" " ind2=" " tag="690"><subfield code="a">Dienstleistung, B: Markenmanagement</subfield><subfield code="2">rzs-L1</subfield></datafield><datafield ind1=" " ind2=" " tag="690"><subfield code="a">Markenartikel, B: Management: Dienstleistung</subfield><subfield code="2">rzs-L1</subfield></datafield><datafield ind1=" " ind2=" " tag="690"><subfield code="a">Dienstleistung : Management</subfield><subfield code="2">uzb-UC</subfield></datafield><datafield ind1=" " ind2=" " tag="690"><subfield code="a">Marke</subfield><subfield code="2">uzb-UC</subfield></datafield><datafield ind1="1" ind2=" " tag="700"><subfield code="a">Schögel, Marcus</subfield><subfield code="d">1967-</subfield><subfield code="0">(DE-588)115375651</subfield></datafield><datafield ind1="1" ind2=" " tag="700"><subfield code="a">Ludwig, Eva</subfield></datafield><datafield ind1="1" ind2=" " tag="700"><subfield code="6">880-04</subfield><subfield code="a">Tomczak, Torsten</subfield><subfield code="d">1959-</subfield><subfield code="0">(DE-588)122732383</subfield></datafield><datafield ind1="1" ind2=" " tag="880"><subfield code="6">700-04</subfield><subfield code="a">Tomczak, Torsten</subfield><subfield code="0">(RERO)A003904753</subfield></datafield><datafield ind1="4" ind2=" " tag="856"><subfield code="u">https://tools.unisg.ch/url/hm00034254</subfield><subfield code="z">Inhaltsverzeichnis</subfield></datafield><datafield ind1=" " ind2="0" tag="830"><subfield code="a">Thexis</subfield><subfield code="p">Fachbuch für Marketing</subfield><subfield code="w">(RERO)1962885-41slsp</subfield></datafield><datafield ind1=" " ind2=" " tag="949"><subfield code="a">https://tools.unisg.ch/url/hm00034254</subfield></datafield></record>
</metadata></record>