<record><header><identifier>oai:alma.41SLSP_UGE:991000039539705502</identifier><datestamp>2024-03-09T01:37:08Z</datestamp><setSpec>uge_bcen_RapidILL_BOOK</setSpec><setSpec>uge_aaca_RapidILL_BOOK</setSpec><setSpec>uge_abels_RapidILL_BOOK</setSpec><setSpec>uge_dbu_RapidILL_BOOK</setSpec><setSpec>uge_cmu_RapidILL_BOOK</setSpec><setSpec>uge_mail_RapidILL_BOOK</setSpec><setSpec>uge_abbat_RapidILL_BOOK</setSpec><setSpec>UNIGE_ALL</setSpec><setSpec>uge_acar_RapidILL_BOOK</setSpec><setSpec>uge_aobs_RapidILL_BOOK</setSpec></header><metadata>
<record xmlns="http://www.loc.gov/MARC21/slim" xmlns:xsi="http://www.w3.org/2001/XMLSchema-instance" xsi:schemaLocation="http://www.loc.gov/MARC21/slim http://www.loc.gov/standards/marcxml/schema/MARC21slim.xsd"><leader>09979nam a2201117 c 4500</leader><controlfield tag="001">991000039539705502</controlfield><controlfield tag="005">20240308214121.0</controlfield><controlfield tag="008">201011s2019    sz       m    00| | ger d</controlfield><datafield ind1=" " ind2=" " tag="020"><subfield code="a">9783725579655</subfield><subfield code="c">CHF 89.-</subfield></datafield><datafield ind1=" " ind2=" " tag="035"><subfield code="a">(swissbib)218401361-41slsp_network</subfield></datafield><datafield ind1=" " ind2=" " tag="035"><subfield code="a">218401361</subfield><subfield code="9">ExL</subfield></datafield><datafield ind1=" " ind2=" " tag="035"><subfield code="a">(IDSSG)001071054HSB01</subfield></datafield><datafield ind1=" " ind2=" " tag="035"><subfield code="a">(IDSBB)007158786DSV01</subfield></datafield><datafield ind1=" " ind2=" " tag="035"><subfield code="a">(RERO)R008993587-41slsp</subfield></datafield><datafield ind1=" " ind2=" " tag="035"><subfield code="a">(IDSLU)001384715ILU01</subfield></datafield><datafield ind1=" " ind2=" " tag="035"><subfield code="a">(NEBIS)011543095EBI01</subfield></datafield><datafield ind1=" " ind2=" " tag="035"><subfield code="a">(ABN)000860546ABN01</subfield></datafield><datafield ind1=" " ind2=" " tag="035"><subfield code="a">(ALEX)bv9926029289401791</subfield></datafield><datafield ind1=" " ind2=" " tag="035"><subfield code="a">(EXLNZ-41SLSP_NETWORK)991003322649705501</subfield></datafield><datafield ind1=" " ind2=" " tag="040"><subfield code="a">SzZuIDS NEBIS UNI-RWI</subfield><subfield code="b">ger</subfield><subfield code="e">rda</subfield><subfield code="d">CH-ZuSLS</subfield></datafield><datafield ind1=" " ind2=" " tag="044"><subfield code="a">sz</subfield><subfield code="c">ch-zh</subfield></datafield><datafield ind1=" " ind2="7" tag="072"><subfield code="a">dr</subfield><subfield code="2">rero</subfield></datafield><datafield ind1=" " ind2="7" tag="072"><subfield code="a">801</subfield><subfield code="2">IDS LU</subfield></datafield><datafield ind1="1" ind2="4" tag="082"><subfield code="a">340</subfield><subfield code="2">15</subfield></datafield><datafield ind1=" " ind2=" " tag="084"><subfield code="a">CA/CH 88 h</subfield><subfield code="2">cjurrom</subfield></datafield><datafield ind1=" " ind2=" " tag="084"><subfield code="a">CA/CH 66 h</subfield><subfield code="2">cjurrom</subfield></datafield><datafield ind1=" " ind2=" " tag="084"><subfield code="a">CA/CH 38 h</subfield><subfield code="2">cjurrom</subfield></datafield><datafield ind1=" " ind2=" " tag="084"><subfield code="a">CA/CH 91 h</subfield><subfield code="2">cjurrom</subfield></datafield><datafield ind1="1" ind2=" " tag="100"><subfield code="a">Germanier, Fabienne</subfield><subfield code="0">(DE-588)1203583117</subfield><subfield code="4">aut</subfield><subfield code="6">880-01</subfield></datafield><datafield ind1="1" ind2=" " tag="880"><subfield code="a">Germanier, Fabienne</subfield><subfield code="0">(RERO)A026713456</subfield><subfield code="4">aut</subfield><subfield code="6">100-01</subfield></datafield><datafield ind1="1" ind2="0" tag="245"><subfield code="a">Angehörigeninteressen in der Strafzumessung</subfield><subfield code="c">Fabienne Germanier</subfield></datafield><datafield ind1=" " ind2="1" tag="264"><subfield code="a">Zürich</subfield><subfield code="a">Basel</subfield><subfield code="a">Genf</subfield><subfield code="b">Schulthess</subfield><subfield code="c">2019</subfield></datafield><datafield ind1=" " ind2=" " tag="300"><subfield code="a">LIV, 365 Seiten</subfield><subfield code="b">Illustrationen</subfield></datafield><datafield ind1=" " ind2=" " tag="336"><subfield code="b">txt</subfield><subfield code="2">rdacontent</subfield></datafield><datafield ind1=" " ind2=" " tag="337"><subfield code="b">n</subfield><subfield code="2">rdamedia</subfield></datafield><datafield ind1=" " ind2=" " tag="338"><subfield code="b">nc</subfield><subfield code="2">rdacarrier</subfield></datafield><datafield ind1="1" ind2=" " tag="490"><subfield code="a">Luzerner Beiträge zur Rechtswissenschaft (LBR)</subfield><subfield code="v">Band 137</subfield></datafield><datafield ind1=" " ind2=" " tag="500"><subfield code="a">Register</subfield></datafield><datafield ind1=" " ind2=" " tag="500"><subfield code="a">Zugl.: Diss. Univ. Luzern, 2018</subfield></datafield><datafield ind1=" " ind2=" " tag="502"><subfield code="b">Dissertation</subfield><subfield code="c">Universität Luzern</subfield><subfield code="d">2018</subfield></datafield><datafield ind1=" " ind2=" " tag="504"><subfield code="a">Literaturverz.</subfield></datafield><datafield ind1=" " ind2="7" tag="650"><subfield code="a">Strafe</subfield><subfield code="0">(DE-588)4057785-5</subfield><subfield code="2">gnd</subfield></datafield><datafield ind1=" " ind2="7" tag="650"><subfield code="a">Schaden</subfield><subfield code="0">(DE-588)4125902-6</subfield><subfield code="2">gnd</subfield></datafield><datafield ind1=" " ind2="7" tag="650"><subfield code="a">Strafzumessung</subfield><subfield code="9">ger</subfield><subfield code="0">(RERO)jurivoc000021841ger</subfield><subfield code="2">jurivoc</subfield></datafield><datafield ind1=" " ind2="7" tag="650"><subfield code="a">Freiheitsstrafe</subfield><subfield code="9">ger</subfield><subfield code="0">(RERO)jurivoc000008766ger</subfield><subfield code="2">jurivoc</subfield></datafield><datafield ind1=" " ind2="7" tag="650"><subfield code="a">bedingter Strafvollzug</subfield><subfield code="9">ger</subfield><subfield code="0">(RERO)jurivoc000002920ger</subfield><subfield code="2">jurivoc</subfield></datafield><datafield ind1=" " ind2="7" tag="650"><subfield code="a">Halbgefangenschaft</subfield><subfield code="9">ger</subfield><subfield code="0">(RERO)jurivoc000010741ger</subfield><subfield code="2">jurivoc</subfield></datafield><datafield ind1=" " ind2="7" tag="650"><subfield code="a">Strafmilderung</subfield><subfield code="9">ger</subfield><subfield code="0">(RERO)jurivoc000021767ger</subfield><subfield code="2">jurivoc</subfield></datafield><datafield ind1=" " ind2="7" tag="650"><subfield code="a">Verwandtschaft</subfield><subfield code="9">ger</subfield><subfield code="0">(RERO)jurivoc000025404ger</subfield><subfield code="2">jurivoc</subfield></datafield><datafield ind1=" " ind2="7" tag="650"><subfield code="a">Wirkung</subfield><subfield code="9">ger</subfield><subfield code="0">(RERO)jurivoc000026660ger</subfield><subfield code="2">jurivoc</subfield></datafield><datafield ind1=" " ind2="7" tag="650"><subfield code="a">Grundrecht</subfield><subfield code="9">ger</subfield><subfield code="0">(RERO)jurivoc000010415ger</subfield><subfield code="2">jurivoc</subfield></datafield><datafield ind1=" " ind2="7" tag="650"><subfield code="a">Achtung des Familienlebens</subfield><subfield code="9">ger</subfield><subfield code="0">(RERO)jurivoc000000535ger</subfield><subfield code="2">jurivoc</subfield></datafield><datafield ind1=" " ind2="7" tag="650"><subfield code="a">Ehefreiheit</subfield><subfield code="9">ger</subfield><subfield code="0">(RERO)jurivoc000006113ger</subfield><subfield code="2">jurivoc</subfield></datafield><datafield ind1=" " ind2="7" tag="650"><subfield code="a">Achtung des Privatlebens</subfield><subfield code="9">ger</subfield><subfield code="0">(RERO)jurivoc000000536ger</subfield><subfield code="2">jurivoc</subfield></datafield><datafield ind1=" " ind2="7" tag="650"><subfield code="a">Jugendschutz</subfield><subfield code="9">ger</subfield><subfield code="0">(RERO)jurivoc000012251ger</subfield><subfield code="2">jurivoc</subfield></datafield><datafield ind1=" " ind2="7" tag="650"><subfield code="a">Wegweisung(Ausländerrecht)</subfield><subfield code="9">ger</subfield><subfield code="0">(RERO)jurivoc000026258ger</subfield><subfield code="2">jurivoc</subfield></datafield><datafield ind1=" " ind2="7" tag="650"><subfield code="a">Grundrechtseingriff</subfield><subfield code="9">ger</subfield><subfield code="0">(RERO)jurivoc000010420ger</subfield><subfield code="2">jurivoc</subfield></datafield><datafield ind1=" " ind2="7" tag="650"><subfield code="a">Verhältnismässigkeit</subfield><subfield code="9">ger</subfield><subfield code="0">(RERO)jurivoc000024530ger</subfield><subfield code="2">jurivoc</subfield></datafield><datafield ind1=" " ind2="7" tag="650"><subfield code="a">Zumutbarkeit</subfield><subfield code="9">ger</subfield><subfield code="0">(RERO)jurivoc000027341ger</subfield><subfield code="2">jurivoc</subfield></datafield><datafield ind1=" " ind2="7" tag="650"><subfield code="a">Peines</subfield><subfield code="0">(IDREF)027822486</subfield><subfield code="2">idref</subfield></datafield><datafield ind1=" " ind2="7" tag="650"><subfield code="a">Exécution des peines</subfield><subfield code="0">(IDREF)027849724</subfield><subfield code="2">idref</subfield></datafield><datafield ind1=" " ind2="7" tag="650"><subfield code="a">Sursis (droit pénal)</subfield><subfield code="0">(IDREF)027738167</subfield><subfield code="2">idref</subfield></datafield><datafield ind1=" " ind2="7" tag="650"><subfield code="a">Parenté</subfield><subfield code="0">(IDREF)027557006</subfield><subfield code="2">idref</subfield></datafield><datafield ind1=" " ind2="7" tag="650"><subfield code="a">Droits de l'homme</subfield><subfield code="0">(IDREF)027466957</subfield><subfield code="2">idref</subfield></datafield><datafield ind1=" " ind2="7" tag="650"><subfield code="a">Famille</subfield><subfield code="0">(IDREF)027258556</subfield><subfield code="2">idref</subfield></datafield><datafield ind1=" " ind2="7" tag="650"><subfield code="a">Droit à la vie privée</subfield><subfield code="0">(IDREF)027283690</subfield><subfield code="2">idref</subfield></datafield><datafield ind1=" " ind2="7" tag="650"><subfield code="a">Étrangers (droit)</subfield><subfield code="0">(IDREF)029342627</subfield><subfield code="2">idref</subfield></datafield><datafield ind1=" " ind2="7" tag="650"><subfield code="a">Droit constitutionnel</subfield><subfield code="0">(IDREF)02726095X</subfield><subfield code="2">idref</subfield></datafield><datafield ind1=" " ind2="7" tag="650"><subfield code="a">Proportionnalité (droit)</subfield><subfield code="0">(IDREF)032232071</subfield><subfield code="2">idref</subfield></datafield><datafield ind1=" " ind2="7" tag="650"><subfield code="a">Procédure pénale</subfield><subfield code="0">(IDREF)050575392</subfield><subfield code="2">idref</subfield></datafield><datafield ind1=" " ind2="7" tag="650"><subfield code="a">Interessenabwägung</subfield><subfield code="0">(DE-588)4120499-2</subfield><subfield code="2">gnd</subfield></datafield><datafield ind1=" " ind2="7" tag="650"><subfield code="a">Strafverfahrensrecht</subfield><subfield code="0">(DE-588)4116635-8</subfield><subfield code="2">gnd</subfield></datafield><datafield ind1=" " ind2="7" tag="650"><subfield code="a">Strafrecht</subfield><subfield code="0">(DE-588)4057795-8</subfield><subfield code="2">gnd</subfield></datafield><datafield ind1=" " ind2="7" tag="650"><subfield code="a">Täter</subfield><subfield code="0">(DE-588)4058881-6</subfield><subfield code="2">gnd</subfield></datafield><datafield ind1=" " ind2="7" tag="650"><subfield code="a">Strafzumessung</subfield><subfield code="0">(DE-588)4057812-4</subfield><subfield code="2">gnd</subfield></datafield><datafield ind1=" " ind2="7" tag="650"><subfield code="a">Angehöriger</subfield><subfield code="0">(DE-588)4142414-1</subfield><subfield code="2">gnd</subfield></datafield><datafield ind1=" " ind2="7" tag="650"><subfield code="a">STRAFZUMESSUNG (STRAFRECHT)</subfield><subfield code="9">ger</subfield><subfield code="0">(ETHUDK)000037358</subfield><subfield code="2">ethudk</subfield></datafield><datafield ind1=" " ind2="7" tag="651"><subfield code="a">Schweiz</subfield><subfield code="9">ger</subfield><subfield code="0">(RERO)jurivoc000019912ger</subfield><subfield code="2">jurivoc</subfield></datafield><datafield ind1=" " ind2="7" tag="651"><subfield code="a">Suisse</subfield><subfield code="0">(IDREF)027249654</subfield><subfield code="2">idref</subfield></datafield><datafield ind1=" " ind2="7" tag="651"><subfield code="a">Schweiz</subfield><subfield code="0">(DE-588)4053881-3</subfield><subfield code="2">gnd</subfield></datafield><datafield ind1=" " ind2="7" tag="655"><subfield code="a">Thèses et écrits académiques</subfield><subfield code="0">(IDREF)027253139</subfield><subfield code="2">idref</subfield></datafield><datafield ind1=" " ind2="7" tag="655"><subfield code="a">Hochschulschrift</subfield><subfield code="2">gnd-content</subfield></datafield><datafield ind1=" " ind2=" " tag="690"><subfield code="a">Ersatzfreiheitsstrafe; Strafverfahren; Strafvollzug; Angehöriger; Nebenwirkung</subfield><subfield code="2">idssg-J</subfield></datafield><datafield ind1=" " ind2=" " tag="690"><subfield code="a">Unterschuldstrafe; Spezialprävention; Zwischenergebnis; Ausgangslage; Stellenwert; Schuldgrundsatz; Straftheorie; Strafwirkung; Familienunterhalt; Punktstrafe; Überschuldstrafe; Problemaufriss; Vereinigungstheorie; Zahlungserleichterung; Rechtsgleichheit; Besuchsregelung; Bewältigungsstrategie; Grenzwerturteil; Interessenabwägung; Legalbewährung; Nebenfolge; Spielraumtheorie; Stellenwerttheorie; Strafmilderungsgrund; Strafminderung; Strafrechtsordnung; Strafzumessungstheorie; Tagessatzhöhe; Tatkomponente; Täterkomponente; Verfassungsmässigkeit; Vollzugsmodalität; Vollzugsregelung; Angehörigenproblematik; Bewährungsaussicht; Fragestellung; Grundfall; Halbgefangenschaft; Nichtvollziehbarkeit; Schlusswort; Sonderfall; Spezialfall; Angehörigeninteresse; Anwendungsbereich; Arbeitsexternat; Ausgangspunkt; Drittinteresse; Familienleben; Familienpflicht; Forschungsstand; Grenzwertpraxis; Grundannahme; Grundvoraussetzung; Kindesinteresse; Materialienverzeichnis; Normalvollzug; Privatsphäre; Problembereich; Prüfungsschema; Rechtsnatur; Sachwortregister; Schutzbereich; Stellungnahme; Strafart; Strafaufschub; Strafbedürfnis; Strafempfindlichkeit; Strafteil; Teilgehalt; Unterstützungspflicht; Verschuldensbegriff; Vollzugsform; Vollzugslockerunge; Wortlaut; Zahlungsfrist; Zwischenfazit</subfield><subfield code="2">idssg-J</subfield></datafield><datafield ind1=" " ind2=" " tag="690"><subfield code="a">aktive Spezialprävention; allgemeine Überlegung; bedingter Strafvollzug; bedingter Vollzug; gefangene Mutter; mittelbare Berücksichtigung; passive Spezialprävention; unmittelbarer Eingriff; weiter Familienangehöriger; weiteres Verhältnis; abstrakte Untergrenze; alleinerziehender Elternteil; alleinstehender Täter; allgemeine Voraussetzung; alternative Vollzugsform; alternative Vollzugsmodalität; ausländerrechtliche Wegweisungsentscheidung; ausnahmsweise Anwendung; außergewöhnlicher Umstand; bedingte Freiheitsstrafe; bedingte Strafe; bedingter Strafvollzug; bedingter Vollzug; besonderer Schutz; bundesgerichtliche Rechtsprechung; deutscher Bundesgerichtshof; direkte Bezugnahme; drittes Zwischenergebnis; entfernter Familienangehöriger; entfernter Freund; erstes Zwischenergebnis; familiäre Beziehung; familiäres Umfeld; familiäres Verhältnis; fehlendes Strafbedürfnis; formeller Aspekt; formelle Voraussetzung; freiwillige Zuwendung; gebührender Familienunterhalt; geeignete Anstalt; gegenwärtige Berücksichtigung; gemeinnützige Arbeit; gemeinsamer Haushalt; generalpräventives Mindesterfordernis; gesetzliche Grundlage; gesetzlicher Strafrahmen; gesetzliche Vorkehrung; gleichgeschlechtliche Partnerschaft; grundrechtliche Überlegung; günstiger Umstand; indirektes Zugeständnis; inhaftierte Mutter; klare Überschreitung; klassische Unterschuldstrafe; kleine Unterschuldstrafe; knappe Überschreitung; kritische Würdigung; materieller Aspekt; materielle Grundvoraussetzung; materielle Voraussetzung; migrationsrechtliches Verschulden; mittelbare Beeinträchtigung; mittelbare Berücksichtigung; mittelbarer Eingriff; mittelbare Einschränkung; möglicher Lösungsansatz; negative Generalprävention; negative Spezialprävention; objektive Tatkomponente; paralleler Ansatz; persönlicher Schutzbereich; persönlicher Teilgehalt; persönliches Verhältnis; positive Generalprävention; positive Spezialprävent</subfield><subfield code="2">idssg-J</subfield></datafield><datafield ind1=" " ind2=" " tag="690"><subfield code="a">ion; privates Interesse; präventives Anliegen; präventives Bedürfnis; präventive Überlegung; psychische Folge; rechtswissenschaftliche Fakultät; sachlicher Schutzbereich; schwerer Eingriff; schwerer Härtefall; sofortiger Vollzug; soziale Folge; soziales Umfeld; spät Delinquentes; staatliches Handeln; strafbestimmende Funktion; strafrechtsrelevantes Kriterium; subjektive Tatkomponente; tangiertes Grundrecht; tatsächliche Auswirkung; tatsächliche Voraussetzung; teilbedingte Strafe; teilbedingter Strafvollzug; teilbedingter Vollzug; umfassende Interessenabwägung; unbedingter Bus; unbedingte Freiheitsstrafe; unbedingte Geldstrafe; ungünstige Legalprognose; unmittelbare Auswirkung; unmittelbare Berücksichtigung; unmittelbarer Eingriff; verhängte Strafe; verschiedene Nebenwirkung; verschiedener Problembereich; vorliegende Fragestellung; weiteres Verbrechen; weiteres Vergehen; wirtschaftliche Folge; zulässiges Kriterium; zulässiges Maß; zweites Zwischenergebnis; öffentliches Interesse; übergeordnetes Kindesinteresse; überschneidender Anwendungsbereich</subfield><subfield code="2">idssg-J</subfield></datafield><datafield ind1=" " ind2=" " tag="690"><subfield code="a">Schweiz C4EXSI</subfield><subfield code="2">idssg-J</subfield></datafield><datafield ind1=" " ind2=" " tag="690"><subfield code="a">bedingt Vollzug Art.; Fabienne Germanier; Fazit Mittelbare Berücksichtigung; fehlend Strafbedürfnis Art.; gesetzlich Grundlage Art.; Jörg Schmid; Kapitel Strafmilderung Art.; Legalprognose Teilbedingte Strafe; Lösungsansatz Klassische Unterschuldstrafe; parallel Ansatz Berücksichtigung; Problemkonstellation Klare Überschreitung; Problemkonstellation Knappe Überschreitung; Stellenwerttheorie Präventive Anliegen; Strafzumessung Luzerner Beiträge; Universität Luzern Band</subfield><subfield code="2">idssg-J</subfield></datafield><datafield ind1=" " ind2=" " tag="691"><subfield code="e">PC 91 CH</subfield><subfield code="2">rzs-L1</subfield></datafield><datafield ind1=" " ind2="0" tag="830"><subfield code="a">Luzerner Beiträge zur Rechtswissenschaft (LBR)</subfield><subfield code="v">137</subfield><subfield code="w">(IDSSG)000275007HSB01</subfield></datafield><datafield ind1=" " ind2="0" tag="830"><subfield code="a">Luzerner Beiträge zur Rechtswissenschaft</subfield><subfield code="v">137</subfield><subfield code="w">(ALEX)bv000823766</subfield></datafield><datafield ind1="4" ind2=" " tag="856"><subfield code="3">Titelblatt und Inhaltsverzeichnis</subfield><subfield code="u">https://toc.library.ethz.ch/objects/pdf03/z01_978-3-7255-7965-5_01.pdf</subfield><subfield code="q">pdf</subfield></datafield><datafield ind1=" " ind2=" " tag="900"><subfield code="a">Stoppsignal FRED</subfield></datafield><datafield ind1=" " ind2=" " tag="900"><subfield code="a">IDSZ1ZH</subfield></datafield><datafield ind1=" " ind2=" " tag="900"><subfield code="a">IDSZ2zbzmon202001f</subfield><subfield code="c">IDSZ2kalh</subfield><subfield code="d">IDSZ2zbzswk202002g</subfield><subfield code="e">IDSZ2bruu</subfield></datafield><datafield ind1=" " ind2=" " tag="900"><subfield code="a">IDSZ2rwimon202001l</subfield><subfield code="c">IDSZ2kilch</subfield><subfield code="d">IDSZ2rwiswk202001b</subfield><subfield code="e">IDSZ2cont</subfield></datafield><datafield ind1=" " ind2=" " tag="949"><subfield code="a">https://toc.library.ethz.ch/objects/pdf03/z01_978-3-7255-7965-5_01.pdf</subfield></datafield></record>
</metadata></record>