<record><header><identifier>oai:alma.41SLSP_UGE:991000039659705502</identifier><datestamp>2023-06-18T01:50:46Z</datestamp><setSpec>uge_bcen_RapidILL_BOOK</setSpec><setSpec>uge_aaca_RapidILL_BOOK</setSpec><setSpec>uge_abels_RapidILL_BOOK</setSpec><setSpec>uge_dbu_RapidILL_BOOK</setSpec><setSpec>uge_cmu_RapidILL_BOOK</setSpec><setSpec>uge_mail_RapidILL_BOOK</setSpec><setSpec>uge_abbat_RapidILL_BOOK</setSpec><setSpec>UNIGE_ALL</setSpec><setSpec>uge_acar_RapidILL_BOOK</setSpec><setSpec>uge_aobs_RapidILL_BOOK</setSpec></header><metadata>
<record xmlns="http://www.loc.gov/MARC21/slim" xmlns:xsi="http://www.w3.org/2001/XMLSchema-instance" xsi:schemaLocation="http://www.loc.gov/MARC21/slim http://www.loc.gov/standards/marcxml/schema/MARC21slim.xsd"><leader>02709nam a2200601 c 4500</leader><controlfield tag="001">991000039659705502</controlfield><controlfield tag="005">20230312174053.0</controlfield><controlfield tag="008">201011t20172017riua     b||| 000 0 eng|c</controlfield><datafield ind1=" " ind2=" " tag="010"><subfield code="a">2017043697</subfield></datafield><datafield ind1=" " ind2=" " tag="020"><subfield code="a">9781470426446</subfield><subfield code="q">alk. paper</subfield></datafield><datafield ind1=" " ind2=" " tag="020"><subfield code="a">1470426447</subfield></datafield><datafield ind1=" " ind2=" " tag="035"><subfield code="a">(swissbib)225497638-41slsp_network</subfield></datafield><datafield ind1=" " ind2=" " tag="035"><subfield code="a">225497638</subfield><subfield code="9">ExL</subfield></datafield><datafield ind1=" " ind2=" " tag="035"><subfield code="a">(NEBIS)011127173EBI01</subfield></datafield><datafield ind1=" " ind2=" " tag="035"><subfield code="a">(RERO)R008763007-41slsp</subfield></datafield><datafield ind1=" " ind2=" " tag="035"><subfield code="a">(OCoLC)1001548887</subfield></datafield><datafield ind1=" " ind2=" " tag="035"><subfield code="a">(EXLNZ-41SLSP_NETWORK)991066674589705501</subfield></datafield><datafield ind1=" " ind2=" " tag="040"><subfield code="a">PUL</subfield><subfield code="b">fre</subfield><subfield code="e">rda</subfield><subfield code="d">CH-ZuSLS</subfield></datafield><datafield ind1=" " ind2=" " tag="042"><subfield code="a">pcc</subfield></datafield><datafield ind1="0" ind2="0" tag="050"><subfield code="a">QA166.145</subfield><subfield code="b">.G46 2017</subfield></datafield><datafield ind1=" " ind2="7" tag="072"><subfield code="a">ma</subfield><subfield code="2">rero</subfield></datafield><datafield ind1="0" ind2="0" tag="082"><subfield code="a">511/.5</subfield><subfield code="2">23</subfield></datafield><datafield ind1=" " ind2=" " tag="084"><subfield code="a">20</subfield><subfield code="2">msc</subfield></datafield><datafield ind1=" " ind2=" " tag="084"><subfield code="a">05</subfield><subfield code="2">msc</subfield></datafield><datafield ind1="1" ind2=" " tag="100"><subfield code="a">Georgakopoulos, Agelos</subfield><subfield code="d">1979-</subfield><subfield code="0">(DE-588)132997622</subfield><subfield code="e">auteur</subfield><subfield code="4">aut</subfield><subfield code="6">880-01</subfield></datafield><datafield ind1="1" ind2=" " tag="880"><subfield code="a">Georgakopoulos, Agelos</subfield><subfield code="d">1979-</subfield><subfield code="0">(RERO)A027338350</subfield><subfield code="4">cre</subfield><subfield code="6">100-01</subfield></datafield><datafield ind1="1" ind2="0" tag="245"><subfield code="a">&lt;&lt;The&gt;&gt; Planar Cubic Cayley Graphs</subfield><subfield code="c">Agelos Georgakopoulos</subfield></datafield><datafield ind1=" " ind2="1" tag="264"><subfield code="a">Providence, Rhode Island</subfield><subfield code="b">American Mathematical Society</subfield><subfield code="c">[2017]</subfield></datafield><datafield ind1=" " ind2="4" tag="264"><subfield code="c">©2017</subfield></datafield><datafield ind1=" " ind2=" " tag="300"><subfield code="a">v, 82 pages</subfield><subfield code="b">illustrations</subfield><subfield code="c">26 cm</subfield></datafield><datafield ind1=" " ind2=" " tag="336"><subfield code="b">txt</subfield><subfield code="2">rdacontent</subfield></datafield><datafield ind1=" " ind2=" " tag="337"><subfield code="b">n</subfield><subfield code="2">rdamedia</subfield></datafield><datafield ind1=" " ind2=" " tag="338"><subfield code="b">nc</subfield><subfield code="2">rdacarrier</subfield></datafield><datafield ind1="1" ind2=" " tag="490"><subfield code="a">Memoirs of the American Mathematical Society</subfield><subfield code="v">number 1190</subfield></datafield><datafield ind1=" " ind2=" " tag="500"><subfield code="a">&quot;Volume 250, Number 1190 (third of 6 numbers), November 2017&quot;</subfield></datafield><datafield ind1=" " ind2=" " tag="504"><subfield code="a">Includes bibliographical references</subfield></datafield><datafield ind1=" " ind2=" " tag="520"><subfield code="a">We obtain a complete description of the planar cubic Cayley graphs, providing an explicit presentation and embedding for each of them. This turns out to be a rich class, comprising several infinite families. We obtain counterexamples to conjectures of Mohar, Bonnington and Watkins. Our analysis makes the involved graphs accessible to computation, corroborating a conjecture of Droms</subfield></datafield><datafield ind1=" " ind2=" " tag="546"><subfield code="a">Text in English</subfield></datafield><datafield ind1=" " ind2="7" tag="650"><subfield code="a">Cayley graphs</subfield><subfield code="2">fast</subfield></datafield><datafield ind1=" " ind2="7" tag="650"><subfield code="a">Graph connectivity</subfield><subfield code="2">fast</subfield></datafield><datafield ind1=" " ind2="7" tag="650"><subfield code="a">Graph theory</subfield><subfield code="2">fast</subfield></datafield><datafield ind1=" " ind2="7" tag="650"><subfield code="a">EBENE GRAPHEN (GRAPHENTHEORIE)</subfield><subfield code="9">ger</subfield><subfield code="0">(ETHUDK)000042571</subfield><subfield code="2">ethudk</subfield></datafield><datafield ind1=" " ind2="7" tag="650"><subfield code="a">ZUSAMMENHÄNGENDE GRAPHEN (GRAPHENTHEORIE)</subfield><subfield code="9">ger</subfield><subfield code="0">(ETHUDK)000047691</subfield><subfield code="2">ethudk</subfield></datafield><datafield ind1=" " ind2="7" tag="650"><subfield code="a">ZYKLEN (GRAPHENTHEORIE)</subfield><subfield code="9">ger</subfield><subfield code="0">(ETHUDK)000056143</subfield><subfield code="2">ethudk</subfield></datafield><datafield ind1=" " ind2="0" tag="650"><subfield code="a">Cayley graphs</subfield></datafield><datafield ind1=" " ind2="0" tag="650"><subfield code="a">Graph connectivity</subfield></datafield><datafield ind1=" " ind2="0" tag="650"><subfield code="a">Graph theory</subfield></datafield><datafield ind1=" " ind2="7" tag="650"><subfield code="a">Graphes planaires</subfield><subfield code="0">(IDREF)138477264</subfield><subfield code="2">idref</subfield></datafield><datafield ind1=" " ind2="7" tag="650"><subfield code="a">Théorie des graphes</subfield><subfield code="0">(IDREF)027315428</subfield><subfield code="2">idref</subfield></datafield><datafield ind1="4" ind2=" " tag="856"><subfield code="3">Titelblatt und Inhaltsverzeichnis</subfield><subfield code="u">https://toc.library.ethz.ch/objects/pdf03/e01_978-1-4704-2644-6_01.pdf</subfield><subfield code="q">pdf</subfield></datafield><datafield ind1=" " ind2=" " tag="830"><subfield code="a">Memoirs of the American Mathematical Society</subfield><subfield code="v">1190</subfield><subfield code="w">(NEBIS)000023178EBI01</subfield></datafield><datafield ind1=" " ind2=" " tag="900"><subfield code="a">REROnoselfmerge</subfield></datafield><datafield ind1=" " ind2=" " tag="910"><subfield code="a">OCoLC</subfield><subfield code="b">20180208</subfield><subfield code="c">Droits réservés</subfield></datafield><datafield ind1=" " ind2=" " tag="949"><subfield code="a">https://toc.library.ethz.ch/objects/pdf03/e01_978-1-4704-2644-6_01.pdf</subfield></datafield></record>
</metadata></record>