<record><header><identifier>oai:alma.41SLSP_UGE:991000039029705502</identifier><datestamp>2023-03-01T01:08:54Z</datestamp><setSpec>uge_bcen_RapidILL_BOOK</setSpec><setSpec>uge_aaca_RapidILL_BOOK</setSpec><setSpec>uge_abels_RapidILL_BOOK</setSpec><setSpec>uge_dbu_RapidILL_BOOK</setSpec><setSpec>uge_cmu_RapidILL_BOOK</setSpec><setSpec>uge_mail_RapidILL_BOOK</setSpec><setSpec>UNIGE_ALL</setSpec><setSpec>uge_abbat_RapidILL_BOOK</setSpec><setSpec>uge_acar_RapidILL_BOOK</setSpec><setSpec>uge_aobs_RapidILL_BOOK</setSpec></header><metadata>
<record xmlns="http://www.loc.gov/MARC21/slim" xmlns:xsi="http://www.w3.org/2001/XMLSchema-instance" xsi:schemaLocation="http://www.loc.gov/MARC21/slim http://www.loc.gov/standards/marcxml/schema/MARC21slim.xsd"><leader>04165nam a2200877 c 4500</leader><controlfield tag="001">991000039029705502</controlfield><controlfield tag="005">20230130184916.0</controlfield><controlfield tag="008">201011s1999    gw ||||| |||| 00| ||ger d</controlfield><datafield ind1=" " ind2=" " tag="015"><subfield code="a">GFR-CIP-99,N42,0663</subfield><subfield code="a">DNB-00,A13,1773</subfield></datafield><datafield ind1="7" ind2=" " tag="016"><subfield code="a">957512090</subfield><subfield code="2">GyFmDB</subfield></datafield><datafield ind1=" " ind2=" " tag="020"><subfield code="a">3884748033</subfield><subfield code="c">(broschiert)</subfield></datafield><datafield ind1=" " ind2=" " tag="020"><subfield code="a">3884748041</subfield><subfield code="c">(Festeinband)</subfield></datafield><datafield ind1=" " ind2=" " tag="035"><subfield code="a">(swissbib)211317640-41slsp_network</subfield></datafield><datafield ind1=" " ind2=" " tag="035"><subfield code="a">211317640</subfield><subfield code="9">ExL</subfield></datafield><datafield ind1=" " ind2=" " tag="035"><subfield code="a">(RERO)R003163588-41slsp</subfield></datafield><datafield ind1=" " ind2=" " tag="035"><subfield code="a">(NEBIS)003881490EBI01</subfield></datafield><datafield ind1=" " ind2=" " tag="035"><subfield code="a">(IDSBB)001991763DSV01</subfield></datafield><datafield ind1=" " ind2=" " tag="035"><subfield code="a">(EXLNZ-41SLSP_NETWORK)991124458769705501</subfield></datafield><datafield ind1=" " ind2=" " tag="040"><subfield code="a">RERO geulhg</subfield><subfield code="d">CH-ZuSLS</subfield></datafield><datafield ind1=" " ind2="7" tag="072"><subfield code="a">ht</subfield><subfield code="2">rero</subfield></datafield><datafield ind1=" " ind2="7" tag="072"><subfield code="a">ng</subfield><subfield code="2">SzZuIDS BS/BE</subfield></datafield><datafield ind1=" " ind2="7" tag="072"><subfield code="a">og</subfield><subfield code="2">SzZuIDS BS/BE</subfield></datafield><datafield ind1="0" ind2="0" tag="082"><subfield code="a">325/.2437/08931</subfield><subfield code="2">21</subfield></datafield><datafield ind1="1" ind2="4" tag="082"><subfield code="a">940</subfield><subfield code="2">15</subfield></datafield><datafield ind1="1" ind2="4" tag="082"><subfield code="a">900</subfield><subfield code="2">15</subfield></datafield><datafield ind1=" " ind2=" " tag="084"><subfield code="a">NQ 5990</subfield><subfield code="2">rvk</subfield></datafield><datafield ind1="0" ind2="0" tag="245"><subfield code="a">Erzwungene Trennung</subfield><subfield code="b">Vertreibungen und Aussiedlungen in und aus der Tschechoslowakei 1938-1947 im Vergleich mit Polen, Ungarn und Jugoslawien</subfield><subfield code="c">hsrg. für die Deutsch-Tschechische und Deutsch-Slowakische Historikerkommission ; von Detlef Brandes, Edita Ivaničková, Jiři Pešek</subfield></datafield><datafield ind1=" " ind2="1" tag="264"><subfield code="a">Essen</subfield><subfield code="b">Klartext</subfield><subfield code="c">1999</subfield></datafield><datafield ind1=" " ind2=" " tag="300"><subfield code="a">336 S.</subfield><subfield code="b">Graph.</subfield><subfield code="c">23 cm</subfield></datafield><datafield ind1=" " ind2=" " tag="336"><subfield code="b">txt</subfield><subfield code="2">rdacontent</subfield></datafield><datafield ind1=" " ind2=" " tag="337"><subfield code="b">n</subfield><subfield code="2">rdamedia</subfield></datafield><datafield ind1=" " ind2=" " tag="338"><subfield code="b">nc</subfield><subfield code="2">rdacarrier</subfield></datafield><datafield ind1="1" ind2=" " tag="490"><subfield code="a">Veröffentlichungen zur Kultur und Geschichte der Deutschen im östlichen Europa</subfield><subfield code="v">Bd. 15</subfield></datafield><datafield ind1="1" ind2=" " tag="490"><subfield code="a">Veröffentlichungen des Instituts für Kultur und Geschichte der Deutschen im östlichen Europa</subfield><subfield code="v">Bd. 8</subfield></datafield><datafield ind1="1" ind2=" " tag="490"><subfield code="a">Veröffentlichungen der Deutsch-Tschechischen und Deutsch-Slowakischen Historikerkommission</subfield><subfield code="v">Band 8</subfield></datafield><datafield ind1=" " ind2=" " tag="500"><subfield code="a">Register</subfield></datafield><datafield ind1=" " ind2="7" tag="648"><subfield code="a">Geschichte 1900-1950</subfield><subfield code="2">idszbz</subfield></datafield><datafield ind1=" " ind2="7" tag="648"><subfield code="a">Geschichte 1938-1947</subfield><subfield code="2">idszbz</subfield></datafield><datafield ind1=" " ind2="7" tag="648"><subfield code="a">Geschichte 1938-1945</subfield><subfield code="2">gnd</subfield></datafield><datafield ind1=" " ind2="7" tag="648"><subfield code="a">Geschichte 1938-1947</subfield><subfield code="2">gnd</subfield></datafield><datafield ind1=" " ind2="7" tag="650"><subfield code="a">population - déplacement</subfield><subfield code="0">(RERO)A009965074</subfield><subfield code="2">rerovoc</subfield></datafield><datafield ind1=" " ind2="7" tag="650"><subfield code="a">1938-1947</subfield><subfield code="2">rero</subfield></datafield><datafield ind1=" " ind2="7" tag="650"><subfield code="a">Guerre mondiale (1939-1945)</subfield><subfield code="0">(IDREF)028047273</subfield><subfield code="2">idref</subfield></datafield><datafield ind1=" " ind2="7" tag="650"><subfield code="a">Vertreibung</subfield><subfield code="2">idszbz</subfield></datafield><datafield ind1=" " ind2="7" tag="650"><subfield code="a">Deutsche</subfield><subfield code="2">idszbz</subfield></datafield><datafield ind1=" " ind2="0" tag="650"><subfield code="a">Germans</subfield><subfield code="z">Czechoslovakia</subfield><subfield code="x">History</subfield></datafield><datafield ind1=" " ind2="0" tag="650"><subfield code="a">Population transfers</subfield><subfield code="x">Germans</subfield></datafield><datafield ind1=" " ind2="0" tag="650"><subfield code="a">Population transfers</subfield><subfield code="x">Hungarians</subfield></datafield><datafield ind1=" " ind2="7" tag="650"><subfield code="a">Deutsche</subfield><subfield code="0">(DE-588)4070334-4</subfield><subfield code="2">gnd</subfield></datafield><datafield ind1=" " ind2="7" tag="650"><subfield code="a">Vertreibung</subfield><subfield code="0">(DE-588)4063299-4</subfield><subfield code="2">gnd</subfield></datafield><datafield ind1=" " ind2="7" tag="650"><subfield code="a">Vertriebene</subfield><subfield code="z">Polen</subfield><subfield code="2">idsbb</subfield></datafield><datafield ind1=" " ind2="7" tag="650"><subfield code="a">Vertriebene</subfield><subfield code="z">Tschechoslowakei</subfield><subfield code="2">idsbb</subfield></datafield><datafield ind1=" " ind2="7" tag="650"><subfield code="a">Vertriebene</subfield><subfield code="z">Jugoslawien</subfield><subfield code="2">idsbb</subfield></datafield><datafield ind1=" " ind2="7" tag="651"><subfield code="a">Allemagne</subfield><subfield code="0">(IDREF)027218856</subfield><subfield code="2">idref</subfield></datafield><datafield ind1=" " ind2="7" tag="651"><subfield code="a">Tchécoslovaquie</subfield><subfield code="0">(IDREF)027442462</subfield><subfield code="2">idref</subfield></datafield><datafield ind1=" " ind2="7" tag="651"><subfield code="a">Tschechoslowakei</subfield><subfield code="2">idszbz</subfield></datafield><datafield ind1=" " ind2="0" tag="651"><subfield code="a">Czechoslovakia</subfield><subfield code="x">Ethnic relations</subfield></datafield><datafield ind1=" " ind2="0" tag="651"><subfield code="a">Czechoslovakia</subfield><subfield code="x">Politics and government</subfield></datafield><datafield ind1=" " ind2="0" tag="651"><subfield code="a">Istria (Croatia and Slovenia)</subfield><subfield code="x">Ethnic relations</subfield></datafield><datafield ind1=" " ind2="0" tag="651"><subfield code="a">Slovakia</subfield><subfield code="x">Ethnic relations</subfield><subfield code="x">History</subfield></datafield><datafield ind1=" " ind2="7" tag="651"><subfield code="a">Tschechoslowakei</subfield><subfield code="0">(DE-588)4078435-6</subfield><subfield code="2">gnd</subfield></datafield><datafield ind1=" " ind2="7" tag="651"><subfield code="a">Ungarn</subfield><subfield code="0">(DE-588)4078541-5</subfield><subfield code="2">gnd</subfield></datafield><datafield ind1=" " ind2="7" tag="655"><subfield code="a">Aufsatzsammlung</subfield><subfield code="2">idszbz</subfield></datafield><datafield ind1=" " ind2="7" tag="655"><subfield code="a">Konferenzschrift</subfield><subfield code="z">Bratislava</subfield><subfield code="y">1997</subfield><subfield code="2">gnd-content</subfield></datafield><datafield ind1="1" ind2=" " tag="700"><subfield code="a">Ivaničková, Edita</subfield><subfield code="d">1948-...</subfield><subfield code="0">(IDREF)074068415</subfield></datafield><datafield ind1="1" ind2=" " tag="700"><subfield code="a">Pešek, Jiří</subfield><subfield code="d">1954-</subfield><subfield code="0">(RERO)A025905352</subfield></datafield><datafield ind1="1" ind2=" " tag="700"><subfield code="a">Brandes, Detlef</subfield><subfield code="d">1941-</subfield><subfield code="0">(DE-588)122705440</subfield><subfield code="6">880-04</subfield></datafield><datafield ind1="1" ind2=" " tag="880"><subfield code="6">700-04</subfield><subfield code="a">Brandes, Detlef</subfield><subfield code="d">1941-....</subfield><subfield code="0">(IDREF)029232104</subfield></datafield><datafield ind1="2" ind2=" " tag="710"><subfield code="a">Deutsch-Tschechische und Deutsch-Slowakische Historikerkommission</subfield><subfield code="b">Konferenz</subfield><subfield code="d">1997</subfield><subfield code="c">Bratislava</subfield><subfield code="0">(RERO)A012530099</subfield></datafield><datafield ind1="4" ind2=" " tag="856"><subfield code="3">Inhaltsverzeichnis</subfield><subfield code="u">http://www.ub.unibas.ch/tox/HBZ/HT011211039/PDF</subfield><subfield code="q">pdf</subfield></datafield><datafield ind1=" " ind2="0" tag="830"><subfield code="a">Veröffentlichungen der Deutsch-Tschechischen und Deutsch-Slowakischen Historikerkommission</subfield><subfield code="v">8</subfield><subfield code="w">(RERO)R003163568-41slsp</subfield></datafield><datafield ind1=" " ind2="0" tag="830"><subfield code="a">Veröffentlichungen des Instituts für Kultur und Geschichte der Deutschen im östlichen Europa</subfield><subfield code="v">15</subfield><subfield code="w">(RERO)2133729-41slsp</subfield></datafield><datafield ind1=" " ind2="0" tag="830"><subfield code="a">Veröffentlichungen zur Kultur und Geschichte im östlichen Europa</subfield><subfield code="v">15</subfield><subfield code="w">(NEBIS)004153524EBI01</subfield></datafield><datafield ind1=" " ind2="0" tag="830"><subfield code="a">Veröffentlichungen des Instituts für Kultur und Geschichte der Deutschen im östlichen Europa</subfield><subfield code="v">15</subfield><subfield code="w">(IDSBB)000954496DSV01</subfield></datafield><datafield ind1=" " ind2=" " tag="900"><subfield code="a">REROnoselfmerge</subfield></datafield><datafield ind1=" " ind2=" " tag="900"><subfield code="a">IDSZ2zbzmon200110f</subfield><subfield code="c">IDSZ2schu</subfield><subfield code="d">IDSZ2zbzswk200112b</subfield><subfield code="e">IDSZ2brue</subfield></datafield><datafield ind1=" " ind2=" " tag="949"><subfield code="a">http://www.ub.unibas.ch/tox/HBZ/HT011211039/PDF</subfield></datafield></record>
</metadata></record>