<record><header><identifier>oai:alma.41SLSP_UGE:991000039549705502</identifier><datestamp>2023-03-01T01:08:54Z</datestamp><setSpec>uge_cmu_RapidILL_JOURNAL</setSpec><setSpec>uge_aobs_RapidILL_JOURNAL</setSpec><setSpec>uge_aaca_RapidILL_JOURNAL</setSpec><setSpec>uge_bcen_RapidILL_JOURNAL</setSpec><setSpec>uge_abbat_RapidILL_JOURNAL</setSpec><setSpec>uge_mail_RapidILL_JOURNAL</setSpec><setSpec>uge_dbu_RapidILL_JOURNAL</setSpec><setSpec>UNIGE_ALL</setSpec><setSpec>uge_abels_RapidILL_JOURNAL</setSpec><setSpec>uge_acar_RapidILL_JOURNAL</setSpec></header><metadata>
<record xmlns="http://www.loc.gov/MARC21/slim" xmlns:xsi="http://www.w3.org/2001/XMLSchema-instance" xsi:schemaLocation="http://www.loc.gov/MARC21/slim http://www.loc.gov/standards/marcxml/schema/MARC21slim.xsd"><leader>01053nas a2200253 c 4500</leader><controlfield tag="001">991000039549705502</controlfield><controlfield tag="005">20201225182216.0</controlfield><controlfield tag="008">851031d19431945sw || p|  ||| 0    0eng d</controlfield><datafield ind1=" " ind2=" " tag="035"><subfield code="a">(swissbib)080376789-41slsp_network</subfield></datafield><datafield ind1=" " ind2=" " tag="035"><subfield code="a">080376789</subfield><subfield code="9">ExL</subfield></datafield><datafield ind1=" " ind2=" " tag="035"><subfield code="a">(RERO)0653928-41slsp</subfield></datafield><datafield ind1=" " ind2=" " tag="035"><subfield code="a">(EXLNZ-41SLSP_NETWORK)991041375369705501</subfield></datafield><datafield ind1=" " ind2=" " tag="040"><subfield code="a">RERO geudbu</subfield><subfield code="d">CH-ZuSLS</subfield></datafield><datafield ind1=" " ind2="7" tag="072"><subfield code="a">me</subfield><subfield code="2">rero</subfield></datafield><datafield ind1="0" ind2="0" tag="245"><subfield code="a">Annual report on the results of radiotherapy in carcinoma of the uterine cervix</subfield></datafield><datafield ind1=" " ind2="1" tag="264"><subfield code="a">Stockholm</subfield><subfield code="b">[éditeur non identifié]</subfield></datafield><datafield ind1=" " ind2=" " tag="300"><subfield code="c">25 cm</subfield></datafield><datafield ind1=" " ind2=" " tag="336"><subfield code="b">txt</subfield><subfield code="2">rdacontent</subfield></datafield><datafield ind1=" " ind2=" " tag="337"><subfield code="b">n</subfield><subfield code="2">rdamedia</subfield></datafield><datafield ind1=" " ind2=" " tag="338"><subfield code="b">nc</subfield><subfield code="2">rdacarrier</subfield></datafield><datafield ind1="0" ind2=" " tag="362"><subfield code="a">6(1943)-7(1945)</subfield></datafield><datafield ind1=" " ind2=" " tag="580"><subfield code="a">Fait suite à: Annual report on the results of radiotherapy in cancer of the uterine cervix. Devient: Annual report on the results of treatment in carcinoma of the uterus</subfield></datafield><datafield ind1="0" ind2="0" tag="780"><subfield code="t">Annual report on the results of radiotherapy in cancer of the uterine cervix</subfield><subfield code="w">(RERO)0653450-41slsp</subfield></datafield><datafield ind1="0" ind2="0" tag="785"><subfield code="t">Annual report on the results of treatment in carcinoma of the uterus</subfield><subfield code="w">(RERO)0653934-41slsp</subfield></datafield><datafield ind1=" " ind2=" " tag="900"><subfield code="a">REROnoselfmerge</subfield></datafield></record>
</metadata></record>