<record><header><identifier>oai:alma.41SLSP_UGE:991000039449705502</identifier><datestamp>2023-04-09T00:49:09Z</datestamp><setSpec>uge_bcen_RapidILL_BOOK</setSpec><setSpec>uge_aaca_RapidILL_BOOK</setSpec><setSpec>uge_abels_RapidILL_BOOK</setSpec><setSpec>uge_dbu_RapidILL_BOOK</setSpec><setSpec>uge_cmu_RapidILL_BOOK</setSpec><setSpec>uge_mail_RapidILL_BOOK</setSpec><setSpec>UNIGE_ALL</setSpec><setSpec>uge_abbat_RapidILL_BOOK</setSpec><setSpec>uge_acar_RapidILL_BOOK</setSpec><setSpec>uge_aobs_RapidILL_BOOK</setSpec></header><metadata>
<record xmlns="http://www.loc.gov/MARC21/slim" xmlns:xsi="http://www.w3.org/2001/XMLSchema-instance" xsi:schemaLocation="http://www.loc.gov/MARC21/slim http://www.loc.gov/standards/marcxml/schema/MARC21slim.xsd"><leader>02485nam a2200589 c 4500</leader><controlfield tag="001">991000039449705502</controlfield><controlfield tag="005">20230408055827.0</controlfield><controlfield tag="008">201011s2016    it ||||| |||| 00| ||ita d</controlfield><datafield ind1=" " ind2=" " tag="010"><subfield code="a">2016471017</subfield></datafield><datafield ind1=" " ind2=" " tag="020"><subfield code="a">8897830412</subfield></datafield><datafield ind1=" " ind2=" " tag="020"><subfield code="a">9788897830412</subfield><subfield code="q">pbk.</subfield></datafield><datafield ind1=" " ind2=" " tag="020"><subfield code="a">9788897830412</subfield></datafield><datafield ind1=" " ind2=" " tag="035"><subfield code="a">(swissbib)220496161-41slsp_network</subfield></datafield><datafield ind1=" " ind2=" " tag="035"><subfield code="a">220496161</subfield><subfield code="9">ExL</subfield></datafield><datafield ind1=" " ind2=" " tag="035"><subfield code="a">(RERO)R008856089-41slsp</subfield></datafield><datafield ind1=" " ind2=" " tag="035"><subfield code="a">(IDSBB)006792115DSV01</subfield></datafield><datafield ind1=" " ind2=" " tag="035"><subfield code="a">(NEBIS)010936033EBI01</subfield></datafield><datafield ind1=" " ind2=" " tag="035"><subfield code="a">(OCoLC)960819072</subfield><subfield code="z">(OCoLC)982367429</subfield></datafield><datafield ind1=" " ind2=" " tag="035"><subfield code="a">(EXLNZ-41SLSP_NETWORK)991027690229705501</subfield></datafield><datafield ind1=" " ind2=" " tag="040"><subfield code="a">DEBBG</subfield><subfield code="b">ger</subfield><subfield code="e">rda</subfield><subfield code="d">CH-ZuSLS</subfield></datafield><datafield ind1=" " ind2=" " tag="042"><subfield code="a">lccopycat</subfield></datafield><datafield ind1="0" ind2="0" tag="050"><subfield code="a">PA47</subfield><subfield code="b">.Z87 2016</subfield></datafield><datafield ind1=" " ind2="7" tag="072"><subfield code="a">la</subfield><subfield code="2">rero</subfield></datafield><datafield ind1="0" ind2="4" tag="082"><subfield code="a">870</subfield><subfield code="2">22/ger</subfield></datafield><datafield ind1="1" ind2="4" tag="082"><subfield code="a">870</subfield><subfield code="2">15</subfield></datafield><datafield ind1="1" ind2="4" tag="082"><subfield code="a">470</subfield><subfield code="2">14</subfield></datafield><datafield ind1="1" ind2=" " tag="100"><subfield code="a">Zurli, Loriano</subfield><subfield code="0">(DE-588)112271332</subfield><subfield code="4">aut</subfield><subfield code="6">880-01</subfield></datafield><datafield ind1="1" ind2=" " tag="880"><subfield code="6">100-01</subfield><subfield code="a">Zurli, Loriano</subfield><subfield code="d">19..-....</subfield><subfield code="0">(IDREF)029178630</subfield><subfield code="4">cre</subfield></datafield><datafield ind1="1" ind2="0" tag="245"><subfield code="a">&lt;&lt;Il&gt;&gt; limen (sottile) tra congettura e restituzione</subfield><subfield code="b">sulla validità delle congetture ritenute palmari</subfield><subfield code="c">Loriano Zurli</subfield></datafield><datafield ind1=" " ind2="1" tag="264"><subfield code="a">Perugia</subfield><subfield code="b">Centro studi Anthologia Latina</subfield><subfield code="c">2016</subfield></datafield><datafield ind1=" " ind2=" " tag="300"><subfield code="a">147 pages</subfield><subfield code="c">25 cm</subfield></datafield><datafield ind1=" " ind2=" " tag="336"><subfield code="b">txt</subfield><subfield code="2">rdacontent</subfield></datafield><datafield ind1=" " ind2=" " tag="337"><subfield code="b">n</subfield><subfield code="2">rdamedia</subfield></datafield><datafield ind1=" " ind2=" " tag="338"><subfield code="b">nc</subfield><subfield code="2">rdacarrier</subfield></datafield><datafield ind1="1" ind2=" " tag="490"><subfield code="a">Biblioteca / Centro studi Anthologia Latina</subfield><subfield code="v">2</subfield></datafield><datafield ind1=" " ind2=" " tag="504"><subfield code="a">Includes bibliographical references and indexes</subfield></datafield><datafield ind1=" " ind2="0" tag="650"><subfield code="a">Classical literature</subfield><subfield code="x">Criticism, Textual</subfield></datafield><datafield ind1=" " ind2="0" tag="650"><subfield code="a">Latin poetry</subfield><subfield code="x">History and criticism</subfield></datafield><datafield ind1=" " ind2="0" tag="650"><subfield code="a">Transmission of texts</subfield></datafield><datafield ind1=" " ind2="7" tag="650"><subfield code="a">Textkritik</subfield><subfield code="0">(DE-588)4059657-6</subfield><subfield code="2">gnd</subfield></datafield><datafield ind1=" " ind2="7" tag="650"><subfield code="a">Konjektur</subfield><subfield code="0">(DE-588)4694342-0</subfield><subfield code="2">gnd</subfield></datafield><datafield ind1=" " ind2="7" tag="650"><subfield code="a">Latein</subfield><subfield code="0">(DE-588)4114364-4</subfield><subfield code="2">gnd</subfield></datafield><datafield ind1=" " ind2="7" tag="650"><subfield code="a">Literatur</subfield><subfield code="0">(DE-588)4035964-5</subfield><subfield code="2">gnd</subfield></datafield><datafield ind1=" " ind2="7" tag="650"><subfield code="a">Classical literature</subfield><subfield code="2">fast</subfield></datafield><datafield ind1=" " ind2="7" tag="650"><subfield code="a">Latin poetry</subfield><subfield code="2">fast</subfield></datafield><datafield ind1=" " ind2="7" tag="650"><subfield code="a">Transmission of texts</subfield><subfield code="2">fast</subfield></datafield><datafield ind1=" " ind2="7" tag="655"><subfield code="a">Criticism, interpretation, etc</subfield><subfield code="2">fast</subfield></datafield><datafield ind1="4" ind2="2" tag="856"><subfield code="3">Table des matières</subfield><subfield code="u">http://bvbr.bib-bvb.de:8991/F?func=service&amp;doc_library=BVB01&amp;local_base=BVB01&amp;doc_number=029265279&amp;sequence=000001&amp;line_number=0001&amp;func_code=DB_RECORDS&amp;service_type=MEDIA</subfield></datafield><datafield ind1="4" ind2=" " tag="856"><subfield code="3">Titelblatt und Inhaltsverzeichnis</subfield><subfield code="u">https://toc.library.ethz.ch/objects/pdf03/z01_978-88-97830-41-2_01.pdf</subfield><subfield code="q">pdf</subfield></datafield><datafield ind1=" " ind2="0" tag="830"><subfield code="a">Biblioteca</subfield><subfield code="g">Centro studi anthologia Latina</subfield><subfield code="v">2</subfield><subfield code="w">(IDSBB)006812632DSV01</subfield></datafield><datafield ind1=" " ind2="0" tag="830"><subfield code="a">Biblioteca</subfield><subfield code="p">Centro studi Anthologia Latina</subfield><subfield code="v">2</subfield><subfield code="w">(RERO)R008878616-41slsp</subfield></datafield><datafield ind1=" " ind2=" " tag="900"><subfield code="a">IDSZ2zbzmon201712f</subfield><subfield code="c">IDSZ2wuet</subfield><subfield code="d">IDSZ2zbzswk201802g</subfield><subfield code="e">IDSZ2seid</subfield></datafield><datafield ind1=" " ind2=" " tag="949"><subfield code="a">https://toc.library.ethz.ch/objects/pdf03/z01_978-88-97830-41-2_01.pdf</subfield></datafield></record>
</metadata></record>