<record><header><identifier>oai:alma.41SLSP_UGE:991000039049705502</identifier><datestamp>2023-03-01T01:08:54Z</datestamp><setSpec>uge_bcen_RapidILL_BOOK</setSpec><setSpec>uge_aaca_RapidILL_BOOK</setSpec><setSpec>uge_abels_RapidILL_BOOK</setSpec><setSpec>uge_dbu_RapidILL_BOOK</setSpec><setSpec>uge_cmu_RapidILL_BOOK</setSpec><setSpec>uge_mail_RapidILL_BOOK</setSpec><setSpec>UNIGE_ALL</setSpec><setSpec>uge_abbat_RapidILL_BOOK</setSpec><setSpec>uge_aobs_RapidILL_BOOK</setSpec><setSpec>uge_acar_RapidILL_BOOK</setSpec></header><metadata>
<record xmlns="http://www.loc.gov/MARC21/slim" xmlns:xsi="http://www.w3.org/2001/XMLSchema-instance" xsi:schemaLocation="http://www.loc.gov/MARC21/slim http://www.loc.gov/standards/marcxml/schema/MARC21slim.xsd"><leader>00988nam a2200277 c 4500</leader><controlfield tag="001">991000039049705502</controlfield><controlfield tag="005">20201225181520.0</controlfield><controlfield tag="008">850821s1985    it ||||| |||| 00| ||ita d</controlfield><datafield ind1=" " ind2=" " tag="020"><subfield code="a">8876920072</subfield></datafield><datafield ind1="7" ind2=" " tag="024"><subfield code="a">http://catalogue.bnf.fr/ark:/12148/cb35038709n</subfield><subfield code="2">uri</subfield></datafield><datafield ind1=" " ind2=" " tag="035"><subfield code="a">(swissbib)080247628-41slsp_network</subfield></datafield><datafield ind1=" " ind2=" " tag="035"><subfield code="a">080247628</subfield><subfield code="9">ExL</subfield></datafield><datafield ind1=" " ind2=" " tag="035"><subfield code="a">(RERO)0635889-41slsp</subfield></datafield><datafield ind1=" " ind2=" " tag="035"><subfield code="a">(EXLNZ-41SLSP_NETWORK)991031005779705501</subfield></datafield><datafield ind1=" " ind2=" " tag="040"><subfield code="a">RERO frbcuc</subfield><subfield code="d">CH-ZuSLS</subfield></datafield><datafield ind1=" " ind2="7" tag="072"><subfield code="a">it</subfield><subfield code="2">rero</subfield></datafield><datafield ind1="1" ind2=" " tag="100"><subfield code="a">Svevo, Italo</subfield><subfield code="d">1861-1928</subfield><subfield code="0">(IDREF)027409236</subfield><subfield code="4">cre</subfield></datafield><datafield ind1="1" ind2="0" tag="245"><subfield code="a">Edizione critica delle opere di Italo Svevo</subfield><subfield code="c">a cura di Bruno Maier.</subfield><subfield code="n">Vol. 1</subfield><subfield code="p">Una vita</subfield></datafield><datafield ind1=" " ind2="1" tag="264"><subfield code="a">Pordenone</subfield><subfield code="b">Ed. Studio Tesi</subfield><subfield code="c">1985</subfield></datafield><datafield ind1=" " ind2=" " tag="300"><subfield code="a">396 p.</subfield><subfield code="c">23 cm</subfield></datafield><datafield ind1=" " ind2=" " tag="336"><subfield code="b">txt</subfield><subfield code="2">rdacontent</subfield></datafield><datafield ind1=" " ind2=" " tag="337"><subfield code="b">n</subfield><subfield code="2">rdamedia</subfield></datafield><datafield ind1=" " ind2=" " tag="338"><subfield code="b">nc</subfield><subfield code="2">rdacarrier</subfield></datafield><datafield ind1="1" ind2=" " tag="490"><subfield code="a">Collezione biblioteca</subfield><subfield code="v">27</subfield></datafield><datafield ind1=" " ind2=" " tag="830"><subfield code="a">Collezione Biblioteca</subfield><subfield code="v">27</subfield><subfield code="w">(RERO)0457356-41slsp</subfield></datafield><datafield ind1="1" ind2=" " tag="800"><subfield code="a">Svevo, Italo</subfield><subfield code="t">Edizione critica delle opere di Italo Svevo</subfield><subfield code="v">1</subfield><subfield code="w">(RERO)0635880-41slsp</subfield></datafield><datafield ind1=" " ind2=" " tag="900"><subfield code="a">REROnoselfmerge</subfield></datafield><datafield ind1=" " ind2=" " tag="993"><subfield code="a">BFLA 41544/1</subfield><subfield code="x">ge/ulit/a/flz 3740/1</subfield><subfield code="9">LOCAL</subfield></datafield></record>
</metadata></record>