<record><header><identifier>oai:alma.41SLSP_UGE:991000039469705502</identifier><datestamp>2023-11-02T02:22:42Z</datestamp><setSpec>uge_bcen_RapidILL_BOOK</setSpec><setSpec>uge_aaca_RapidILL_BOOK</setSpec><setSpec>uge_abels_RapidILL_BOOK</setSpec><setSpec>uge_dbu_RapidILL_BOOK</setSpec><setSpec>uge_cmu_RapidILL_BOOK</setSpec><setSpec>uge_mail_RapidILL_BOOK</setSpec><setSpec>uge_abbat_RapidILL_BOOK</setSpec><setSpec>UNIGE_ALL</setSpec><setSpec>uge_acar_RapidILL_BOOK</setSpec><setSpec>uge_aobs_RapidILL_BOOK</setSpec></header><metadata>
<record xmlns="http://www.loc.gov/MARC21/slim" xmlns:xsi="http://www.w3.org/2001/XMLSchema-instance" xsi:schemaLocation="http://www.loc.gov/MARC21/slim http://www.loc.gov/standards/marcxml/schema/MARC21slim.xsd"><leader>03188nam a2200817 c 4500</leader><controlfield tag="001">991000039469705502</controlfield><controlfield tag="005">20230619210449.0</controlfield><controlfield tag="008">201011s1989    sz ||||| m||| 00| ||ita d</controlfield><datafield ind1=" " ind2=" " tag="020"><subfield code="a">2827104261</subfield></datafield><datafield ind1=" " ind2=" " tag="035"><subfield code="a">(swissbib)232161720-41slsp_network</subfield></datafield><datafield ind1=" " ind2=" " tag="035"><subfield code="a">232161720</subfield><subfield code="9">ExL</subfield></datafield><datafield ind1=" " ind2=" " tag="035"><subfield code="a">(RERO)1126067-41slsp</subfield></datafield><datafield ind1=" " ind2=" " tag="035"><subfield code="a">(IDSBB)000610219DSV01</subfield></datafield><datafield ind1=" " ind2=" " tag="035"><subfield code="a">(NEBIS)001124903EBI01</subfield></datafield><datafield ind1=" " ind2=" " tag="035"><subfield code="a">(SBT)000223748SBT01</subfield></datafield><datafield ind1=" " ind2=" " tag="035"><subfield code="a">(EXLNZ-41SLSP_NETWORK)991002659959705501</subfield></datafield><datafield ind1=" " ind2=" " tag="040"><subfield code="a">RERO frbcuc</subfield><subfield code="d">CH-ZuSLS</subfield></datafield><datafield ind1=" " ind2=" " tag="044"><subfield code="a">sz</subfield><subfield code="c">ch-fr</subfield></datafield><datafield ind1=" " ind2="7" tag="072"><subfield code="a">sm</subfield><subfield code="2">rero</subfield></datafield><datafield ind1=" " ind2="7" tag="072"><subfield code="a">th</subfield><subfield code="2">SzZuIDS BS/BE</subfield></datafield><datafield ind1=" " ind2="7" tag="072"><subfield code="a">th</subfield><subfield code="2">rero</subfield></datafield><datafield ind1=" " ind2=" " tag="084"><subfield code="a">6,22</subfield><subfield code="2">ssgn</subfield></datafield><datafield ind1=" " ind2=" " tag="084"><subfield code="a">BB 7000 - BB 9000</subfield><subfield code="2">rvk</subfield></datafield><datafield ind1=" " ind2=" " tag="084"><subfield code="a">BC 6085</subfield><subfield code="2">rvk</subfield></datafield><datafield ind1="1" ind2=" " tag="100"><subfield code="a">Ognibeni, Bruno</subfield><subfield code="d">1943-....</subfield><subfield code="0">(IDREF)05246413X</subfield><subfield code="4">cre</subfield></datafield><datafield ind1="1" ind2="0" tag="245"><subfield code="a">Tradizioni orali di lettura e testo ebraico della Bibbia</subfield><subfield code="b">studio dei diciassette ketiv lò/qere lō</subfield><subfield code="c">Bruno Ognibeni</subfield></datafield><datafield ind1=" " ind2="1" tag="264"><subfield code="a">Fribourg Suisse</subfield><subfield code="b">Ed. universitaires</subfield><subfield code="c">1989</subfield></datafield><datafield ind1=" " ind2="3" tag="264"><subfield code="a">Fribourg Suisse</subfield><subfield code="b">Impr. Saint-Paul</subfield></datafield><datafield ind1=" " ind2=" " tag="300"><subfield code="a">XVII, 274 p.</subfield><subfield code="c">23 cm</subfield></datafield><datafield ind1=" " ind2=" " tag="336"><subfield code="b">txt</subfield><subfield code="2">rdacontent</subfield></datafield><datafield ind1=" " ind2=" " tag="337"><subfield code="b">n</subfield><subfield code="2">rdamedia</subfield></datafield><datafield ind1=" " ind2=" " tag="338"><subfield code="b">nc</subfield><subfield code="2">rdacarrier</subfield></datafield><datafield ind1="1" ind2=" " tag="490"><subfield code="a">Studia Friburgensia. Neue Folge</subfield><subfield code="v">72</subfield></datafield><datafield ind1="1" ind2=" " tag="490"><subfield code="a">Studia Friburgensia. N.S.</subfield><subfield code="v">72</subfield></datafield><datafield ind1=" " ind2=" " tag="502"><subfield code="a">Zugl.: Thèse Fac. de Théologie Univ. de Fribourg, 1986</subfield></datafield><datafield ind1=" " ind2=" " tag="502"><subfield code="a">Diss. Univ. Freiburg, Schweiz, 1986</subfield></datafield><datafield ind1=" " ind2=" " tag="504"><subfield code="a">Bibliogr.: p. 250-274</subfield></datafield><datafield ind1=" " ind2=" " tag="504"><subfield code="a">Literaturverz.</subfield></datafield><datafield ind1=" " ind2=" " tag="520"><subfield code="a">Ketib</subfield></datafield><datafield ind1="0" ind2="7" tag="630"><subfield code="a">Bible</subfield><subfield code="p">AT</subfield><subfield code="0">(RERO)A009967307</subfield><subfield code="2">rero</subfield></datafield><datafield ind1="0" ind2="7" tag="630"><subfield code="a">Masora</subfield><subfield code="0">(DE-588)4128514-1</subfield><subfield code="2">gnd</subfield></datafield><datafield ind1="0" ind2="7" tag="630"><subfield code="a">Bibel</subfield><subfield code="0">(DE-588)4006406-2</subfield><subfield code="2">gnd</subfield></datafield><datafield ind1="0" ind2="0" tag="630"><subfield code="a">Bible</subfield><subfield code="p">Old Testament</subfield><subfield code="l">Hebrew</subfield><subfield code="v">Marginal readings</subfield></datafield><datafield ind1="0" ind2="0" tag="630"><subfield code="a">Bible</subfield><subfield code="p">Old Testament</subfield><subfield code="l">Hebrew</subfield><subfield code="x">Criticism, Textual</subfield></datafield><datafield ind1="0" ind2="0" tag="630"><subfield code="a">Bible</subfield><subfield code="p">Old Testament</subfield><subfield code="l">Hebrew</subfield><subfield code="x">Language, style</subfield></datafield><datafield ind1="0" ind2="0" tag="630"><subfield code="a">Bible</subfield><subfield code="p">Old Testament</subfield><subfield code="x">Criticism, Textual</subfield></datafield><datafield ind1="0" ind2="0" tag="630"><subfield code="a">Bible</subfield><subfield code="p">Old Testament</subfield><subfield code="x">Language, style</subfield></datafield><datafield ind1="0" ind2="0" tag="630"><subfield code="a">Masorah</subfield></datafield><datafield ind1=" " ind2="7" tag="650"><subfield code="a">ketib</subfield><subfield code="0">(RERO)A010001988</subfield><subfield code="2">rerovoc</subfield></datafield><datafield ind1=" " ind2="7" tag="650"><subfield code="a">qeré</subfield><subfield code="0">(RERO)A010137491</subfield><subfield code="2">rerovoc</subfield></datafield><datafield ind1=" " ind2="7" tag="650"><subfield code="a">Exégèse</subfield><subfield code="0">(IDREF)027791114</subfield><subfield code="2">idref</subfield></datafield><datafield ind1=" " ind2="7" tag="650"><subfield code="a">Tradition orale</subfield><subfield code="0">(IDREF)027332276</subfield><subfield code="2">idref</subfield></datafield><datafield ind1=" " ind2="7" tag="650"><subfield code="a">Hébreu (langue)</subfield><subfield code="0">(IDREF)027233618</subfield><subfield code="2">idref</subfield></datafield><datafield ind1=" " ind2="7" tag="650"><subfield code="a">lo (mot)</subfield><subfield code="0">(RERO)A018556338</subfield><subfield code="2">rerovoc</subfield></datafield><datafield ind1=" " ind2="7" tag="650"><subfield code="a">Transmission des textes</subfield><subfield code="0">(IDREF)027488276</subfield><subfield code="2">idref</subfield></datafield><datafield ind1=" " ind2="7" tag="650"><subfield code="a">Massore</subfield><subfield code="0">(IDREF)027335372</subfield><subfield code="2">idref</subfield></datafield><datafield ind1=" " ind2="7" tag="650"><subfield code="a">Altes Testament</subfield><subfield code="x">Text und Textkritik</subfield><subfield code="2">idsbb</subfield></datafield><datafield ind1=" " ind2="7" tag="650"><subfield code="a">Hebräisch</subfield><subfield code="0">(DE-588)4023922-6</subfield><subfield code="2">gnd</subfield></datafield><datafield ind1=" " ind2="7" tag="650"><subfield code="a">Lesart</subfield><subfield code="0">(DE-588)4167429-7</subfield><subfield code="2">gnd</subfield></datafield><datafield ind1=" " ind2="7" tag="650"><subfield code="a">lo</subfield><subfield code="0">(DE-588)4471058-6</subfield><subfield code="2">gnd</subfield></datafield><datafield ind1=" " ind2="7" tag="650"><subfield code="a">Qere</subfield><subfield code="0">(DE-588)4229985-8</subfield><subfield code="2">gnd</subfield></datafield><datafield ind1=" " ind2="0" tag="650"><subfield code="a">Hebrew language</subfield><subfield code="x">Grammar, Historical</subfield></datafield><datafield ind1=" " ind2="0" tag="650"><subfield code="a">Lo (The Hebrew particle)</subfield></datafield><datafield ind1=" " ind2="0" tag="650"><subfield code="a">Lo (The Hebrew word)</subfield></datafield><datafield ind1=" " ind2="0" tag="650"><subfield code="a">Masorah</subfield></datafield><datafield ind1=" " ind2="7" tag="655"><subfield code="a">Hochschulschrift</subfield><subfield code="2">gnd-content</subfield></datafield><datafield ind1=" " ind2=" " tag="691"><subfield code="e">221.04</subfield><subfield code="a">Bibbia. Antico Testamento (Tanak). Soggetti speciali</subfield><subfield code="2">usi-TE</subfield></datafield><datafield ind1="1" ind2=" " tag="700"><subfield code="a">Ognibene, Bruno</subfield></datafield><datafield ind1=" " ind2="0" tag="830"><subfield code="a">Studia Friburgensia</subfield><subfield code="p">Neue Folge = Nouvelle série</subfield><subfield code="v">72</subfield><subfield code="w">(IDSBB)000028428DSV01</subfield></datafield><datafield ind1=" " ind2="0" tag="830"><subfield code="a">Studia Friburgensia</subfield><subfield code="p">Neue Folge</subfield><subfield code="v">72</subfield><subfield code="w">(RERO)0024559-41slsp</subfield></datafield><datafield ind1=" " ind2="0" tag="830"><subfield code="a">Studia Friburgensia</subfield><subfield code="n">Neue Folge</subfield><subfield code="v">72</subfield><subfield code="w">(SBT)000000277SBT01</subfield></datafield><datafield ind1=" " ind2="0" tag="830"><subfield code="a">Studia Friburgensia</subfield><subfield code="p">Nouvelle série</subfield><subfield code="v">72</subfield><subfield code="w">(NEBIS)000986809EBI01</subfield></datafield></record>
</metadata></record>