<record><header><identifier>oai:alma.41SLSP_UGE:991000039989705502</identifier><datestamp>2023-05-03T00:23:45Z</datestamp><setSpec>uge_bcen_RapidILL_BOOK</setSpec><setSpec>uge_aaca_RapidILL_BOOK</setSpec><setSpec>uge_abels_RapidILL_BOOK</setSpec><setSpec>uge_dbu_RapidILL_BOOK</setSpec><setSpec>uge_cmu_RapidILL_BOOK</setSpec><setSpec>uge_mail_RapidILL_BOOK</setSpec><setSpec>uge_abbat_RapidILL_BOOK</setSpec><setSpec>UNIGE_ALL</setSpec><setSpec>uge_aobs_RapidILL_BOOK</setSpec><setSpec>uge_acar_RapidILL_BOOK</setSpec></header><metadata>
<record xmlns="http://www.loc.gov/MARC21/slim" xmlns:xsi="http://www.w3.org/2001/XMLSchema-instance" xsi:schemaLocation="http://www.loc.gov/MARC21/slim http://www.loc.gov/standards/marcxml/schema/MARC21slim.xsd"><leader>01531nam a2200421 c 4500</leader><controlfield tag="001">991000039989705502</controlfield><controlfield tag="005">20230502190547.0</controlfield><controlfield tag="008">190501s2019    fr            00| | fre d</controlfield><datafield ind1=" " ind2=" " tag="020"><subfield code="a">9782406088479</subfield><subfield code="q">broché</subfield></datafield><datafield ind1=" " ind2=" " tag="035"><subfield code="a">(swissbib)125651619-41slsp_network</subfield></datafield><datafield ind1=" " ind2=" " tag="035"><subfield code="a">125651619</subfield><subfield code="9">ExL</subfield></datafield><datafield ind1=" " ind2=" " tag="035"><subfield code="a">(RERO)R008920384-41slsp</subfield></datafield><datafield ind1=" " ind2=" " tag="035"><subfield code="a">(EXLNZ-41SLSP_NETWORK)991141847309705501</subfield></datafield><datafield ind1=" " ind2=" " tag="040"><subfield code="a">RERO frbcuc</subfield><subfield code="d">CH-ZuSLS</subfield></datafield><datafield ind1=" " ind2="7" tag="072"><subfield code="a">ar</subfield><subfield code="2">rero</subfield></datafield><datafield ind1=" " ind2="7" tag="072"><subfield code="a">ht</subfield><subfield code="2">rero</subfield></datafield><datafield ind1="1" ind2="4" tag="082"><subfield code="a">623</subfield></datafield><datafield ind1="1" ind2=" " tag="100"><subfield code="a">Rieth, Éric</subfield><subfield code="d">1950-....</subfield><subfield code="0">(IDREF)027100006</subfield><subfield code="4">aut</subfield></datafield><datafield ind1="1" ind2="0" tag="245"><subfield code="a">Pour une histoire de l'archéologie navale</subfield><subfield code="b">les bateaux et l'histoire</subfield><subfield code="c">Éric Rieth ; préface de Patrice Pomey</subfield></datafield><datafield ind1=" " ind2="1" tag="264"><subfield code="a">Paris</subfield><subfield code="b">Classiques Garnier</subfield><subfield code="c">2019</subfield></datafield><datafield ind1=" " ind2=" " tag="300"><subfield code="a">431 pages</subfield><subfield code="b">figures</subfield></datafield><datafield ind1=" " ind2=" " tag="336"><subfield code="b">txt</subfield><subfield code="2">rdacontent</subfield></datafield><datafield ind1=" " ind2=" " tag="337"><subfield code="b">n</subfield><subfield code="2">rdamedia</subfield></datafield><datafield ind1=" " ind2=" " tag="338"><subfield code="b">nc</subfield><subfield code="2">rdacarrier</subfield></datafield><datafield ind1="1" ind2=" " tag="490"><subfield code="a">Histoire des techniques</subfield><subfield code="v">17</subfield></datafield><datafield ind1=" " ind2=" " tag="504"><subfield code="a">Sources imprimées: pages [385]-386</subfield></datafield><datafield ind1=" " ind2=" " tag="504"><subfield code="a">Bibliographie: pages [387]-402</subfield></datafield><datafield ind1=" " ind2=" " tag="504"><subfield code="a">Index des noms</subfield></datafield><datafield ind1=" " ind2=" " tag="504"><subfield code="a">Index des institutions, lieux, sites</subfield></datafield><datafield ind1=" " ind2=" " tag="504"><subfield code="a">Index des types de bateaux, épaves</subfield></datafield><datafield ind1=" " ind2="7" tag="650"><subfield code="a">Bateaux</subfield><subfield code="0">(IDREF)027506045</subfield><subfield code="2">idref</subfield></datafield><datafield ind1=" " ind2="7" tag="650"><subfield code="a">Épaves</subfield><subfield code="0">(IDREF)027257231</subfield><subfield code="2">idref</subfield></datafield><datafield ind1=" " ind2="7" tag="650"><subfield code="a">Architecture navale</subfield><subfield code="0">(IDREF)027829561</subfield><subfield code="2">idref</subfield></datafield><datafield ind1=" " ind2="7" tag="650"><subfield code="a">Construction navale</subfield><subfield code="0">(IDREF)027286444</subfield><subfield code="2">idref</subfield></datafield><datafield ind1=" " ind2="7" tag="650"><subfield code="a">Archéologie</subfield><subfield code="0">(IDREF)02726971X</subfield><subfield code="2">idref</subfield></datafield><datafield ind1=" " ind2="7" tag="650"><subfield code="a">16e siècle-21e siècle</subfield><subfield code="2">idref</subfield></datafield><datafield ind1="1" ind2=" " tag="700"><subfield code="a">Pomey, Patrice</subfield><subfield code="d">1943-2021</subfield><subfield code="0">(IDREF)027078116</subfield><subfield code="4">aui</subfield></datafield><datafield ind1=" " ind2="0" tag="830"><subfield code="a">Histoire des techniques</subfield><subfield code="v">17</subfield></datafield><datafield ind1=" " ind2=" " tag="900"><subfield code="a">REROnoselfmerge</subfield></datafield></record>
</metadata></record>