<record><header><identifier>oai:alma.41SLSP_UGE:991000039879705502</identifier><datestamp>2023-06-26T00:15:08Z</datestamp><setSpec>UNIGE_ALL</setSpec></header><metadata>
<record xmlns="http://www.loc.gov/MARC21/slim" xmlns:xsi="http://www.w3.org/2001/XMLSchema-instance" xsi:schemaLocation="http://www.loc.gov/MARC21/slim http://www.loc.gov/standards/marcxml/schema/MARC21slim.xsd"><leader>01370ngm a2200337 c 4500</leader><controlfield tag="001">991000039879705502</controlfield><controlfield tag="005">20230625173254.0</controlfield><controlfield tag="007">vd |v||||</controlfield><controlfield tag="008">180716s2017    fr ||| |          v|eng d</controlfield><datafield ind1="4" ind2="2" tag="028"><subfield code="a">730389</subfield></datafield><datafield ind1=" " ind2=" " tag="035"><subfield code="a">(swissbib)12494972X-41slsp_network</subfield></datafield><datafield ind1=" " ind2=" " tag="035"><subfield code="a">12494972X</subfield><subfield code="9">ExL</subfield></datafield><datafield ind1=" " ind2=" " tag="035"><subfield code="a">(RERO)R008820938-41slsp</subfield></datafield><datafield ind1=" " ind2=" " tag="035"><subfield code="a">(EXLNZ-41SLSP_NETWORK)991140719159705501</subfield></datafield><datafield ind1=" " ind2=" " tag="040"><subfield code="a">RERO geumem</subfield><subfield code="d">CH-ZuSLS</subfield></datafield><datafield ind1="1" ind2=" " tag="041"><subfield code="a">fre</subfield><subfield code="a">eng</subfield><subfield code="a">ger</subfield><subfield code="a">spa</subfield><subfield code="a">ita</subfield><subfield code="a">mul</subfield><subfield code="h">eng</subfield></datafield><datafield ind1=" " ind2="7" tag="072"><subfield code="a">ba</subfield><subfield code="2">rero</subfield></datafield><datafield ind1="0" ind2="0" tag="245"><subfield code="a">New-York Miami</subfield><subfield code="c">un film de Frank Capra</subfield></datafield><datafield ind1=" " ind2="1" tag="264"><subfield code="a">[Lieu de publication non identifié]</subfield><subfield code="b">Sony Pictures Home Entertainment</subfield><subfield code="c">2017</subfield></datafield><datafield ind1=" " ind2=" " tag="300"><subfield code="a">1 DVD vidéo</subfield></datafield><datafield ind1=" " ind2=" " tag="336"><subfield code="b">tdi</subfield><subfield code="2">rdacontent</subfield></datafield><datafield ind1=" " ind2=" " tag="337"><subfield code="b">v</subfield><subfield code="2">rdamedia</subfield></datafield><datafield ind1=" " ind2=" " tag="338"><subfield code="b">vd</subfield><subfield code="2">rdacarrier</subfield></datafield><datafield ind1="0" ind2=" " tag="490"><subfield code="a">Very Classics</subfield></datafield><datafield ind1=" " ind2=" " tag="500"><subfield code="a">Une prod. Columbia Pictures, 1934</subfield></datafield><datafield ind1=" " ind2=" " tag="500"><subfield code="a">Renewed 1962 (Couleur)</subfield></datafield><datafield ind1=" " ind2=" " tag="500"><subfield code="a">Durée du film : 1h41 min.</subfield></datafield><datafield ind1=" " ind2=" " tag="500"><subfield code="a">Choix de langues : français, anglais, allemand, espagnol, italien. Choix de sous-titres : français, anglais, allemand, arabe, bulgare, danois, espagnol, finnois, grec, hébreu, hindi, hongrois, islandais, italien, néerlandais, norvégien, polonais, portugais, suédois, tchèque, turc</subfield></datafield><datafield ind1="0" ind2=" " tag="511"><subfield code="a">Clark Gable ; Claudette Colbert... etc.</subfield></datafield><datafield ind1=" " ind2="7" tag="655"><subfield code="a">DVD</subfield><subfield code="0">(IDREF)035108444</subfield><subfield code="2">idref</subfield></datafield><datafield ind1=" " ind2="7" tag="655"><subfield code="a">Films de fiction</subfield><subfield code="0">(IDREF)14779644X</subfield><subfield code="2">idref</subfield></datafield><datafield ind1="1" ind2=" " tag="700"><subfield code="a">Capra, Frank</subfield><subfield code="d">1897-1991</subfield><subfield code="0">(IDREF)027999742</subfield></datafield></record>
</metadata></record>