<record><header><identifier>oai:alma.41SLSP_UGE:991000039669705502</identifier><datestamp>2023-03-01T01:08:54Z</datestamp><setSpec>uge_cmu_RapidILL_JOURNAL</setSpec><setSpec>uge_aobs_RapidILL_JOURNAL</setSpec><setSpec>uge_aaca_RapidILL_JOURNAL</setSpec><setSpec>uge_bcen_RapidILL_JOURNAL</setSpec><setSpec>uge_abbat_RapidILL_JOURNAL</setSpec><setSpec>uge_dbu_RapidILL_JOURNAL</setSpec><setSpec>uge_mail_RapidILL_JOURNAL</setSpec><setSpec>UNIGE_ALL</setSpec><setSpec>uge_abels_RapidILL_JOURNAL</setSpec><setSpec>uge_acar_RapidILL_JOURNAL</setSpec></header><metadata>
<record xmlns="http://www.loc.gov/MARC21/slim" xmlns:xsi="http://www.w3.org/2001/XMLSchema-instance" xsi:schemaLocation="http://www.loc.gov/MARC21/slim http://www.loc.gov/standards/marcxml/schema/MARC21slim.xsd"><leader>01728nas a2200433 c 4500</leader><controlfield tag="001">991000039669705502</controlfield><controlfield tag="005">20230119193105.0</controlfield><controlfield tag="008">890810d19862004lu || p|  ||| 0    0fre d</controlfield><datafield ind1=" " ind2=" " tag="022"><subfield code="a">0250-3867</subfield></datafield><datafield ind1=" " ind2=" " tag="035"><subfield code="a">(swissbib)083970878-41slsp_network</subfield></datafield><datafield ind1=" " ind2=" " tag="035"><subfield code="a">083970878</subfield><subfield code="9">ExL</subfield></datafield><datafield ind1=" " ind2=" " tag="035"><subfield code="a">(RERO)1142103-41slsp</subfield></datafield><datafield ind1=" " ind2=" " tag="035"><subfield code="a">(EXLNZ-41SLSP_NETWORK)991067148439705501</subfield></datafield><datafield ind1=" " ind2=" " tag="040"><subfield code="a">RERO neuses</subfield><subfield code="d">CH-ZuSLS</subfield></datafield><datafield ind1=" " ind2="7" tag="072"><subfield code="a">se</subfield><subfield code="2">rero</subfield></datafield><datafield ind1=" " ind2=" " tag="084"><subfield code="a">CA/CE 78 f</subfield><subfield code="2">cjurrom</subfield></datafield><datafield ind1=" " ind2=" " tag="084"><subfield code="a">FA 35 f</subfield><subfield code="2">cjurrom</subfield></datafield><datafield ind1="0" ind2="0" tag="245"><subfield code="a">BEI informations</subfield><subfield code="c">Banque européenne d'investissement</subfield></datafield><datafield ind1="1" ind2=" " tag="246"><subfield code="a">BEI information</subfield></datafield><datafield ind1="1" ind2=" " tag="246"><subfield code="a">Informations BEI</subfield></datafield><datafield ind1="1" ind2=" " tag="246"><subfield code="a">Information BEI</subfield></datafield><datafield ind1=" " ind2="1" tag="264"><subfield code="a">Luxembourg</subfield><subfield code="b">Banque européenne d'investissement</subfield></datafield><datafield ind1=" " ind2=" " tag="300"><subfield code="c">30 cm</subfield></datafield><datafield ind1=" " ind2=" " tag="336"><subfield code="b">txt</subfield><subfield code="2">rdacontent</subfield></datafield><datafield ind1=" " ind2=" " tag="337"><subfield code="b">n</subfield><subfield code="2">rdamedia</subfield></datafield><datafield ind1=" " ind2=" " tag="338"><subfield code="b">nc</subfield><subfield code="2">rdacarrier</subfield></datafield><datafield ind1="0" ind2=" " tag="362"><subfield code="a">No 47(1986) - no 118(2004)</subfield></datafield><datafield ind1=" " ind2=" " tag="500"><subfield code="a">Dès le no 100(1999), s'intitule: BEI information</subfield></datafield><datafield ind1=" " ind2=" " tag="530"><subfield code="a">Existe aussi en version électronique</subfield></datafield><datafield ind1=" " ind2=" " tag="580"><subfield code="a">Fait suite à: Informations / Banque européenne d'investissement. Devient: Info : le magazine d'information du groupe de la Banque européenne d'investissement</subfield></datafield><datafield ind1=" " ind2=" " tag="580"><subfield code="a">Ed. anglaise: EIB information. Ed. allemande: EIB Informationen</subfield></datafield><datafield ind1="2" ind2="7" tag="610"><subfield code="a">Banque européenne d'investissement</subfield><subfield code="0">(IDREF)026596148</subfield><subfield code="2">idref</subfield></datafield><datafield ind1=" " ind2="7" tag="655"><subfield code="a">Périodiques</subfield><subfield code="0">(IDREF)02724640X</subfield><subfield code="2">idref</subfield></datafield><datafield ind1="2" ind2=" " tag="710"><subfield code="a">Banque européenne d'investissement</subfield><subfield code="0">(RERO)A000015939</subfield></datafield><datafield ind1="0" ind2="0" tag="785"><subfield code="t">Info : le magazine d'information du groupe de la Banque européenne d'investissement</subfield><subfield code="w">(RERO)R003831996-41slsp</subfield></datafield><datafield ind1="0" ind2="0" tag="780"><subfield code="t">Informations / Banque européenne d'investissement</subfield><subfield code="w">(RERO)0728741-41slsp</subfield></datafield><datafield ind1="0" ind2=" " tag="775"><subfield code="t">EIB information</subfield></datafield><datafield ind1="0" ind2=" " tag="775"><subfield code="t">EIB Informationen</subfield></datafield><datafield ind1="0" ind2=" " tag="776"><subfield code="t">EIB information</subfield></datafield><datafield ind1=" " ind2=" " tag="900"><subfield code="a">REROnoselfmerge</subfield></datafield></record>
</metadata></record>