<record><header><identifier>oai:alma.41SLSP_UGE:991000039789705502</identifier><datestamp>2023-03-06T01:11:46Z</datestamp><setSpec>uge_bcen_RapidILL_BOOK</setSpec><setSpec>uge_aaca_RapidILL_BOOK</setSpec><setSpec>uge_abels_RapidILL_BOOK</setSpec><setSpec>uge_dbu_RapidILL_BOOK</setSpec><setSpec>uge_cmu_RapidILL_BOOK</setSpec><setSpec>uge_mail_RapidILL_BOOK</setSpec><setSpec>uge_abbat_RapidILL_BOOK</setSpec><setSpec>UNIGE_ALL</setSpec><setSpec>uge_acar_RapidILL_BOOK</setSpec><setSpec>uge_aobs_RapidILL_BOOK</setSpec></header><metadata>
<record xmlns="http://www.loc.gov/MARC21/slim" xmlns:xsi="http://www.w3.org/2001/XMLSchema-instance" xsi:schemaLocation="http://www.loc.gov/MARC21/slim http://www.loc.gov/standards/marcxml/schema/MARC21slim.xsd"><leader>01205naa a2200301 c 4500</leader><controlfield tag="001">991000039789705502</controlfield><controlfield tag="005">20230305073957.0</controlfield><controlfield tag="008">130531s1914    sz ||||| |||| 10| ||fre d</controlfield><datafield ind1=" " ind2=" " tag="035"><subfield code="a">(swissbib)117429589-41slsp_network</subfield></datafield><datafield ind1=" " ind2=" " tag="035"><subfield code="a">117429589</subfield><subfield code="9">ExL</subfield></datafield><datafield ind1=" " ind2=" " tag="035"><subfield code="a">(RERO)R007308801-41slsp</subfield></datafield><datafield ind1=" " ind2=" " tag="035"><subfield code="a">(EXLNZ-41SLSP_NETWORK)991006975649705501</subfield></datafield><datafield ind1=" " ind2=" " tag="040"><subfield code="a">RERO geuair</subfield><subfield code="d">CH-ZuSLS</subfield></datafield><datafield ind1=" " ind2=" " tag="044"><subfield code="a">sz</subfield><subfield code="c">ch-ge</subfield></datafield><datafield ind1=" " ind2="7" tag="072"><subfield code="a">ph</subfield><subfield code="2">rero</subfield></datafield><datafield ind1="1" ind2=" " tag="100"><subfield code="a">Wenger, Charles</subfield><subfield code="0">(RERO)A013241935</subfield><subfield code="4">cre</subfield></datafield><datafield ind1="1" ind2="0" tag="245"><subfield code="a">IXe réunion des philosophes de la Suisse romande, Rolle, 25 juin 1914</subfield><subfield code="c">[Charles Wenger, R. de S.]</subfield></datafield><datafield ind1=" " ind2=" " tag="336"><subfield code="b">txt</subfield><subfield code="2">rdacontent</subfield></datafield><datafield ind1=" " ind2=" " tag="337"><subfield code="b">n</subfield><subfield code="2">rdamedia</subfield></datafield><datafield ind1=" " ind2=" " tag="338"><subfield code="b">nc</subfield><subfield code="2">rdacarrier</subfield></datafield><datafield ind1=" " ind2=" " tag="580"><subfield code="a">In: Archives de psychologie. - Genève. - T. 14(1914), no 55, p. 297-300</subfield></datafield><datafield ind1=" " ind2="7" tag="650"><subfield code="a">Temps (philosophie)</subfield><subfield code="0">(IDREF)027252965</subfield><subfield code="2">idref</subfield></datafield><datafield ind1=" " ind2="7" tag="650"><subfield code="a">Philosophes</subfield><subfield code="0">(IDREF)027246736</subfield><subfield code="2">idref</subfield></datafield><datafield ind1=" " ind2="7" tag="651"><subfield code="a">Suisse romande</subfield><subfield code="0">(IDREF)027437221</subfield><subfield code="2">idref</subfield></datafield><datafield ind1=" " ind2="7" tag="655"><subfield code="a">Actes de congrès</subfield><subfield code="0">(IDREF)02886431X</subfield><subfield code="2">idref</subfield></datafield><datafield ind1="1" ind2=" " tag="700"><subfield code="a">Saussure, René de</subfield><subfield code="d">1868-1943</subfield><subfield code="0">(IDREF)096135255</subfield></datafield><datafield ind1="2" ind2=" " tag="711"><subfield code="a">Réunion des philosophes de la Suisse romande</subfield><subfield code="n">9</subfield><subfield code="d">1914</subfield><subfield code="c">Rolle</subfield><subfield code="0">(RERO)A023385473</subfield></datafield><datafield ind1="0" ind2=" " tag="773"><subfield code="t">Archives de psychologie</subfield><subfield code="g">1914/55/297</subfield><subfield code="g">yr:1914</subfield><subfield code="w">(RERO)0054885-41slsp</subfield></datafield><datafield ind1=" " ind2=" " tag="900"><subfield code="a">REROnoselfmerge</subfield></datafield><datafield ind1=" " ind2=" " tag="990"><subfield code="a">aircla</subfield><subfield code="9">LOCAL</subfield></datafield></record>
</metadata></record>