<record><header><identifier>oai:alma.41SLSP_UGE:991000039899705502</identifier><datestamp>2023-04-08T00:11:07Z</datestamp><setSpec>uge_bcen_RapidILL_BOOK</setSpec><setSpec>uge_aaca_RapidILL_BOOK</setSpec><setSpec>uge_abels_RapidILL_BOOK</setSpec><setSpec>uge_dbu_RapidILL_BOOK</setSpec><setSpec>uge_cmu_RapidILL_BOOK</setSpec><setSpec>uge_mail_RapidILL_BOOK</setSpec><setSpec>uge_abbat_RapidILL_BOOK</setSpec><setSpec>UNIGE_ALL</setSpec><setSpec>uge_aobs_RapidILL_BOOK</setSpec><setSpec>uge_acar_RapidILL_BOOK</setSpec></header><metadata>
<record xmlns="http://www.loc.gov/MARC21/slim" xmlns:xsi="http://www.w3.org/2001/XMLSchema-instance" xsi:schemaLocation="http://www.loc.gov/MARC21/slim http://www.loc.gov/standards/marcxml/schema/MARC21slim.xsd"><leader>01915nam a2200397 c 4500</leader><controlfield tag="001">991000039899705502</controlfield><controlfield tag="005">20230406204252.0</controlfield><controlfield tag="008">201011s2009    xxu           00| | eng| </controlfield><datafield ind1=" " ind2=" " tag="010"><subfield code="a">2009023026</subfield></datafield><datafield ind1=" " ind2=" " tag="020"><subfield code="a">0307378799</subfield></datafield><datafield ind1=" " ind2=" " tag="020"><subfield code="a">9780307378798</subfield></datafield><datafield ind1=" " ind2=" " tag="035"><subfield code="a">(swissbib)232022488-41slsp_network</subfield></datafield><datafield ind1=" " ind2=" " tag="035"><subfield code="a">232022488</subfield><subfield code="9">ExL</subfield></datafield><datafield ind1=" " ind2=" " tag="035"><subfield code="a">(IDSBB)005186424DSV01</subfield></datafield><datafield ind1=" " ind2=" " tag="035"><subfield code="a">(RERO)R009082534-41slsp</subfield></datafield><datafield ind1=" " ind2=" " tag="035"><subfield code="a">(OCoLC)391393076</subfield></datafield><datafield ind1=" " ind2=" " tag="035"><subfield code="a">(EXLNZ-41SLSP_NETWORK)991001982329705501</subfield></datafield><datafield ind1=" " ind2=" " tag="040"><subfield code="a">DLC</subfield><subfield code="e">kids</subfield><subfield code="d">CH-ZuSLS</subfield></datafield><datafield ind1=" " ind2=" " tag="050"><subfield code="a">HV7113.5</subfield><subfield code="b">.A34 2009</subfield></datafield><datafield ind1=" " ind2="7" tag="072"><subfield code="a">or</subfield><subfield code="2">rero</subfield></datafield><datafield ind1="0" ind2="0" tag="082"><subfield code="a">364.10952</subfield><subfield code="2">22</subfield></datafield><datafield ind1=" " ind2=" " tag="084"><subfield code="a">3,5</subfield><subfield code="2">ssgn</subfield></datafield><datafield ind1="1" ind2=" " tag="100"><subfield code="a">Adelstein, Jake</subfield><subfield code="4">aut</subfield></datafield><datafield ind1="1" ind2="0" tag="245"><subfield code="a">Tokyo vice</subfield><subfield code="b">an American reporter on the police beat in Japan</subfield><subfield code="c">Jake Adelstein</subfield></datafield><datafield ind1=" " ind2=" " tag="250"><subfield code="a">1st ed.</subfield></datafield><datafield ind1=" " ind2="1" tag="264"><subfield code="a">New York</subfield><subfield code="b">Pantheon Books</subfield><subfield code="c">2009</subfield></datafield><datafield ind1=" " ind2=" " tag="300"><subfield code="a">x, 335 p.</subfield><subfield code="c">25 cm</subfield></datafield><datafield ind1=" " ind2=" " tag="336"><subfield code="b">txt</subfield><subfield code="2">rdacontent</subfield></datafield><datafield ind1=" " ind2=" " tag="337"><subfield code="b">n</subfield><subfield code="2">rdamedia</subfield></datafield><datafield ind1=" " ind2=" " tag="338"><subfield code="b">nc</subfield><subfield code="2">rdacarrier</subfield></datafield><datafield ind1=" " ind2=" " tag="520"><subfield code="a">From the only American journalist ever to have been admitted to the insular Tokyo Metropolitan Police press club: a unique, firsthand, revelatory look at Japanese culture from the underbelly up. For twelve years of eighty-hour workweeks, he covered the seedy side of Japan--extortion, murder, human trafficking, and corruption. Here, he tells the riveting, often humorous tale of his journey from an inexperienced cub reporter to a daring investigative journalist with a Yakuza price on his head. With its visceral descriptions of crime in Japan and an exploration of the world of modern-day Yakuza that even few Japanese ever see, this is a fascination, and an education.--From publisher description</subfield></datafield><datafield ind1="1" ind2="0" tag="600"><subfield code="a">Adelstein, Jake</subfield></datafield><datafield ind1=" " ind2="0" tag="650"><subfield code="a">Crime</subfield><subfield code="z">Japan</subfield></datafield><datafield ind1=" " ind2="0" tag="650"><subfield code="a">Crime and the press</subfield><subfield code="z">Japan</subfield></datafield><datafield ind1=" " ind2="0" tag="650"><subfield code="a">Reporters and reporting</subfield><subfield code="z">Japan</subfield></datafield><datafield ind1="4" ind2=" " tag="856"><subfield code="3">Inhaltsverzeichnis</subfield><subfield code="u">http://www.ub.unibas.ch/tox/HBZ/HT016157966/PDF</subfield><subfield code="q">pdf</subfield></datafield><datafield ind1=" " ind2=" " tag="949"><subfield code="a">http://www.ub.unibas.ch/tox/HBZ/HT016157966/PDF</subfield></datafield></record>
</metadata></record>