<record><header><identifier>oai:alma.41SLSP_UGE:991000039159705502</identifier><datestamp>2024-07-18T00:13:31Z</datestamp><setSpec>uge_bcen_RapidILL_BOOK</setSpec><setSpec>uge_aaca_RapidILL_BOOK</setSpec><setSpec>uge_abels_RapidILL_BOOK</setSpec><setSpec>uge_dbu_RapidILL_BOOK</setSpec><setSpec>uge_cmu_RapidILL_BOOK</setSpec><setSpec>uge_mail_RapidILL_BOOK</setSpec><setSpec>uge_abbat_RapidILL_BOOK</setSpec><setSpec>UNIGE_ALL</setSpec><setSpec>uge_aobs_RapidILL_BOOK</setSpec><setSpec>uge_acar_RapidILL_BOOK</setSpec></header><metadata>
<record xmlns="http://www.loc.gov/MARC21/slim" xmlns:xsi="http://www.w3.org/2001/XMLSchema-instance" xsi:schemaLocation="http://www.loc.gov/MARC21/slim http://www.loc.gov/standards/marcxml/schema/MARC21slim.xsd"><leader>03988nam a2200721 c 4500</leader><controlfield tag="001">991000039159705502</controlfield><controlfield tag="005">20230410203150.0</controlfield><controlfield tag="008">201012s2017    fr a     |||| 100 0 fre|d</controlfield><datafield ind1=" " ind2=" " tag="020"><subfield code="a">2811118691</subfield></datafield><datafield ind1=" " ind2=" " tag="020"><subfield code="a">9782811118693</subfield><subfield code="q">pbk.</subfield></datafield><datafield ind1="7" ind2=" " tag="024"><subfield code="a">http://catalogue.bnf.fr/ark:/12148/cb45331341z</subfield><subfield code="2">uri</subfield></datafield><datafield ind1=" " ind2=" " tag="035"><subfield code="a">(swissbib)233737766-41slsp_network</subfield></datafield><datafield ind1=" " ind2=" " tag="035"><subfield code="a">233737766</subfield><subfield code="9">ExL</subfield></datafield><datafield ind1=" " ind2=" " tag="035"><subfield code="a">(NEBIS)011052818EBI01</subfield></datafield><datafield ind1=" " ind2=" " tag="035"><subfield code="a">(RERO)R008692501-41slsp</subfield></datafield><datafield ind1=" " ind2=" " tag="035"><subfield code="a">(OCoLC)1004339094</subfield></datafield><datafield ind1=" " ind2=" " tag="035"><subfield code="a">(EXLNZ-41SLSP_NETWORK)991046651159705501</subfield></datafield><datafield ind1=" " ind2=" " tag="040"><subfield code="a">DEBBG</subfield><subfield code="b">ger</subfield><subfield code="e">rda</subfield><subfield code="d">CH-ZuSLS</subfield></datafield><datafield ind1=" " ind2="7" tag="072"><subfield code="a">ur</subfield><subfield code="2">rero</subfield></datafield><datafield ind1="1" ind2="4" tag="082"><subfield code="a">390</subfield><subfield code="2">15</subfield></datafield><datafield ind1="0" ind2="0" tag="245"><subfield code="a">Villes et campagnes en relations</subfield><subfield code="b">regards croisés Nords-Suds</subfield><subfield code="c">Martine Berger et Jean-Louis Chaléard (éd.)</subfield></datafield><datafield ind1=" " ind2="1" tag="264"><subfield code="a">Paris</subfield><subfield code="b">Karthala</subfield><subfield code="c">2017</subfield></datafield><datafield ind1=" " ind2=" " tag="300"><subfield code="a">299 pages, plates</subfield><subfield code="b">illustrations, maps</subfield><subfield code="c">24 cm</subfield></datafield><datafield ind1=" " ind2=" " tag="336"><subfield code="b">txt</subfield><subfield code="2">rdacontent</subfield></datafield><datafield ind1=" " ind2=" " tag="337"><subfield code="b">n</subfield><subfield code="2">rdamedia</subfield></datafield><datafield ind1=" " ind2=" " tag="338"><subfield code="b">nc</subfield><subfield code="2">rdacarrier</subfield></datafield><datafield ind1="0" ind2=" " tag="490"><subfield code="a">Hommes et sociétés</subfield></datafield><datafield ind1=" " ind2=" " tag="500"><subfield code="a">Colloque, Paris les 9, 10 et 11 juin 2015</subfield></datafield><datafield ind1=" " ind2=" " tag="504"><subfield code="a">Includes bibliographical references</subfield></datafield><datafield ind1=" " ind2="7" tag="650"><subfield code="a">Ländlicher Raum</subfield><subfield code="0">(DE-588)4034026-0</subfield><subfield code="2">gnd</subfield></datafield><datafield ind1=" " ind2="7" tag="650"><subfield code="a">Migration</subfield><subfield code="0">(DE-588)4120730-0</subfield><subfield code="2">gnd</subfield></datafield><datafield ind1=" " ind2="7" tag="650"><subfield code="a">Beziehung</subfield><subfield code="0">(DE-588)4145198-3</subfield><subfield code="2">gnd</subfield></datafield><datafield ind1=" " ind2="7" tag="650"><subfield code="a">Stadt</subfield><subfield code="0">(DE-588)4056723-0</subfield><subfield code="2">gnd</subfield></datafield><datafield ind1=" " ind2="0" tag="650"><subfield code="a">Migration, Internal</subfield><subfield code="v">Congresses</subfield></datafield><datafield ind1=" " ind2="0" tag="650"><subfield code="a">Rural-urban relations</subfield><subfield code="v">Congresses</subfield></datafield><datafield ind1=" " ind2="7" tag="650"><subfield code="a">AUFSATZSAMMLUNGEN (DOKUMENTENTYP)</subfield><subfield code="9">ger</subfield><subfield code="0">(ETHUDK)000009249</subfield><subfield code="2">ethudk</subfield></datafield><datafield ind1=" " ind2="7" tag="650"><subfield code="a">FALLSTUDIEN (DOKUMENTENTYP)</subfield><subfield code="9">ger</subfield><subfield code="0">(ETHUDK)000041890</subfield><subfield code="2">ethudk</subfield></datafield><datafield ind1=" " ind2="7" tag="650"><subfield code="a">FRANKREICH (WESTEUROPA). FRANZÖSISCHE REPUBLIK</subfield><subfield code="9">ger</subfield><subfield code="0">(ETHUDK)000003272</subfield><subfield code="2">ethudk</subfield></datafield><datafield ind1=" " ind2="7" tag="650"><subfield code="a">INDIEN (SÜDASIEN). REPUBLIK INDIEN</subfield><subfield code="9">ger</subfield><subfield code="0">(ETHUDK)000006473</subfield><subfield code="2">ethudk</subfield></datafield><datafield ind1=" " ind2="7" tag="650"><subfield code="a">KENIA (OSTAFRIKA). REPUBLIK KENIA</subfield><subfield code="9">ger</subfield><subfield code="0">(ETHUDK)000007334</subfield><subfield code="2">ethudk</subfield></datafield><datafield ind1=" " ind2="7" tag="650"><subfield code="a">KOLUMBIEN (SÜDAMERIKA). REPUBLIK KOLUMBIEN</subfield><subfield code="9">ger</subfield><subfield code="0">(ETHUDK)000008322</subfield><subfield code="2">ethudk</subfield></datafield><datafield ind1=" " ind2="7" tag="650"><subfield code="a">LANDWIRTSCHAFT IN URBANEN GEBIETEN (LANDWIRTSCHAFTLICHE BETRIEBSFÜHRUNG)</subfield><subfield code="9">ger</subfield><subfield code="0">(ETHUDK)000046209</subfield><subfield code="2">ethudk</subfield></datafield><datafield ind1=" " ind2="7" tag="650"><subfield code="a">LÄNDLICHE SIEDLUNGEN + LÄNDLICHER RAUM (SIEDLUNGSKUNDE)</subfield><subfield code="9">ger</subfield><subfield code="0">(ETHUDK)000036641</subfield><subfield code="2">ethudk</subfield></datafield><datafield ind1=" " ind2="7" tag="650"><subfield code="a">MAROKKO (NORDWEST-AFRIKA). KÖNIGREICH MAROKKO</subfield><subfield code="9">ger</subfield><subfield code="0">(ETHUDK)000006960</subfield><subfield code="2">ethudk</subfield></datafield><datafield ind1=" " ind2="7" tag="650"><subfield code="a">NEUKALEDONIEN (OZEANIEN)</subfield><subfield code="9">ger</subfield><subfield code="0">(ETHUDK)000008578</subfield><subfield code="2">ethudk</subfield></datafield><datafield ind1=" " ind2="7" tag="650"><subfield code="a">PERU (SÜDAMERIKA). REPUBLIK PERU</subfield><subfield code="9">ger</subfield><subfield code="0">(ETHUDK)000008300</subfield><subfield code="2">ethudk</subfield></datafield><datafield ind1=" " ind2="7" tag="650"><subfield code="a">PLANUNG IM LÄNDLICHEN RAUM + LÄNDLICHE PLANUNG (RAUMPLANUNG)</subfield><subfield code="9">ger</subfield><subfield code="0">(ETHUDK)000035371</subfield><subfield code="2">ethudk</subfield></datafield><datafield ind1=" " ind2="7" tag="650"><subfield code="a">RUSSLAND (AB 1991 UND VOR 1917). RUSSISCHE FÖDERATION</subfield><subfield code="9">ger</subfield><subfield code="0">(ETHUDK)000047272</subfield><subfield code="2">ethudk</subfield></datafield><datafield ind1=" " ind2="7" tag="650"><subfield code="a">RÄUMLICHE MOBILITÄT (GEOGRAFIE)</subfield><subfield code="9">ger</subfield><subfield code="0">(ETHUDK)000063295</subfield><subfield code="2">ethudk</subfield></datafield><datafield ind1=" " ind2="7" tag="650"><subfield code="a">SCHWEIZ (MITTELEUROPA). SCHWEIZERISCHE EIDGENOSSENSCHAFT</subfield><subfield code="9">ger</subfield><subfield code="0">(ETHUDK)000004571</subfield><subfield code="2">ethudk</subfield></datafield><datafield ind1=" " ind2="7" tag="650"><subfield code="a">SENEGAL (WESTAFRIKA). REPUBLIK SENEGAL</subfield><subfield code="9">ger</subfield><subfield code="0">(ETHUDK)000007138</subfield><subfield code="2">ethudk</subfield></datafield><datafield ind1=" " ind2="7" tag="650"><subfield code="a">SPANIEN (SÜDWESTEUROPA). KÖNIGREICH SPANIEN</subfield><subfield code="9">ger</subfield><subfield code="0">(ETHUDK)000004021</subfield><subfield code="2">ethudk</subfield></datafield><datafield ind1=" " ind2="7" tag="650"><subfield code="a">STADT-LAND-BEZIEHUNGEN (STÄDTEWESEN)</subfield><subfield code="9">ger</subfield><subfield code="0">(ETHUDK)000036665</subfield><subfield code="2">ethudk</subfield></datafield><datafield ind1=" " ind2="7" tag="650"><subfield code="a">STADTREGIONEN (STÄDTEWESEN)</subfield><subfield code="9">ger</subfield><subfield code="0">(ETHUDK)000045786</subfield><subfield code="2">ethudk</subfield></datafield><datafield ind1=" " ind2="7" tag="650"><subfield code="a">STÄDTEWESEN + STADTGEOGRAFIE + STADTFORSCHUNG</subfield><subfield code="9">ger</subfield><subfield code="0">(ETHUDK)000036648</subfield><subfield code="2">ethudk</subfield></datafield><datafield ind1=" " ind2="7" tag="650"><subfield code="a">Relations villes-campagnes</subfield><subfield code="0">(IDREF)027726371</subfield><subfield code="2">idref</subfield></datafield><datafield ind1=" " ind2="7" tag="655"><subfield code="a">Konferenzschrift</subfield><subfield code="z">Paris</subfield><subfield code="y">2015</subfield><subfield code="2">gnd-content</subfield></datafield><datafield ind1="1" ind2=" " tag="700"><subfield code="a">Berger, Martine</subfield><subfield code="d">1946-</subfield><subfield code="0">(DE-588)188366318</subfield><subfield code="4">edt</subfield><subfield code="6">880-02</subfield></datafield><datafield ind1="1" ind2=" " tag="880"><subfield code="a">Berger, Martine</subfield><subfield code="d">1946-</subfield><subfield code="0">(RERO)A002993703</subfield><subfield code="6">700-02</subfield></datafield><datafield ind1="1" ind2=" " tag="700"><subfield code="a">Chaléard, Jean-Louis</subfield><subfield code="d">1947-</subfield><subfield code="0">(DE-588)137064578</subfield><subfield code="4">edt</subfield><subfield code="6">880-03</subfield></datafield><datafield ind1="1" ind2=" " tag="880"><subfield code="6">700-03</subfield><subfield code="a">Chaléard, Jean-Louis</subfield><subfield code="d">1947-....</subfield><subfield code="0">(IDREF)034367659</subfield></datafield><datafield ind1="4" ind2=" " tag="856"><subfield code="3">Titelblatt und Inhaltsverzeichnis</subfield><subfield code="u">https://toc.library.ethz.ch/objects/pdf03/e03_978-2-8111-1869-3_01.pdf</subfield><subfield code="q">pdf</subfield></datafield><datafield ind1=" " ind2=" " tag="900"><subfield code="a">IDSZ2zbzmon201712l</subfield><subfield code="c">IDSZ2werm</subfield><subfield code="d">IDSZ2zbzswk201712g</subfield><subfield code="e">IDSZ2lomb</subfield></datafield><datafield ind1=" " ind2=" " tag="949"><subfield code="a">https://toc.library.ethz.ch/objects/pdf03/e03_978-2-8111-1869-3_01.pdf</subfield></datafield></record>
</metadata></record>