<record><header><identifier>oai:alma.41SLSP_UGE:991000039059705502</identifier><datestamp>2024-05-25T00:24:16Z</datestamp><setSpec>uge_bcen_RapidILL_BOOK</setSpec><setSpec>uge_aaca_RapidILL_BOOK</setSpec><setSpec>uge_abels_RapidILL_BOOK</setSpec><setSpec>uge_dbu_RapidILL_BOOK</setSpec><setSpec>uge_cmu_RapidILL_BOOK</setSpec><setSpec>uge_mail_RapidILL_BOOK</setSpec><setSpec>uge_abbat_RapidILL_BOOK</setSpec><setSpec>UNIGE_ALL</setSpec><setSpec>uge_aobs_RapidILL_BOOK</setSpec><setSpec>uge_acar_RapidILL_BOOK</setSpec></header><metadata>
<record xmlns="http://www.loc.gov/MARC21/slim" xmlns:xsi="http://www.w3.org/2001/XMLSchema-instance" xsi:schemaLocation="http://www.loc.gov/MARC21/slim http://www.loc.gov/standards/marcxml/schema/MARC21slim.xsd"><leader>01744nam a22004452c 4500</leader><controlfield tag="001">991000039059705502</controlfield><controlfield tag="005">20230407143951.0</controlfield><controlfield tag="008">190129s2004    onc||||| |||| 00| ||eng d</controlfield><datafield ind1=" " ind2=" " tag="020"><subfield code="a">0887845940</subfield></datafield><datafield ind1=" " ind2=" " tag="020"><subfield code="a">9780887845949</subfield></datafield><datafield ind1=" " ind2=" " tag="035"><subfield code="a">(swissbib)125434960-41slsp_network</subfield></datafield><datafield ind1=" " ind2=" " tag="035"><subfield code="a">125434960</subfield><subfield code="9">ExL</subfield></datafield><datafield ind1=" " ind2=" " tag="035"><subfield code="a">(RERO)R008890862-41slsp</subfield></datafield><datafield ind1=" " ind2=" " tag="035"><subfield code="a">(EXLNZ-41SLSP_NETWORK)991147688989705501</subfield></datafield><datafield ind1=" " ind2=" " tag="040"><subfield code="a">KLF</subfield><subfield code="b">eng</subfield><subfield code="d">CH-ZuSLS</subfield></datafield><datafield ind1=" " ind2="4" tag="050"><subfield code="a">BR125</subfield><subfield code="b">.S827 2004</subfield></datafield><datafield ind1=" " ind2="7" tag="072"><subfield code="a">ph</subfield><subfield code="2">rero</subfield></datafield><datafield ind1="0" ind2="4" tag="082"><subfield code="a">209/.04</subfield></datafield><datafield ind1="1" ind2=" " tag="100"><subfield code="a">Steiner, George</subfield><subfield code="d">1929-2020</subfield><subfield code="0">(IDREF)032608969</subfield><subfield code="4">cre</subfield></datafield><datafield ind1="1" ind2="0" tag="245"><subfield code="a">Nostalgia for the absolute</subfield><subfield code="c">by George Steiner</subfield></datafield><datafield ind1=" " ind2="1" tag="264"><subfield code="a">Toronto</subfield><subfield code="b">Anansi</subfield><subfield code="c">2004, ©1974</subfield></datafield><datafield ind1=" " ind2=" " tag="300"><subfield code="a">61 pages</subfield><subfield code="c">21 cm</subfield></datafield><datafield ind1=" " ind2=" " tag="336"><subfield code="b">txt</subfield><subfield code="2">rdacontent</subfield></datafield><datafield ind1=" " ind2=" " tag="337"><subfield code="b">n</subfield><subfield code="2">rdamedia</subfield></datafield><datafield ind1=" " ind2=" " tag="338"><subfield code="b">nc</subfield><subfield code="2">rdacarrier</subfield></datafield><datafield ind1=" " ind2=" " tag="500"><subfield code="a">Originally published: CBC Enterprises, 1974</subfield></datafield><datafield ind1=" " ind2=" " tag="500"><subfield code="a">Text of five radio broadcasts given in the fall of 1974 as the fourteenth series of Massey Lectures</subfield></datafield><datafield ind1="0" ind2=" " tag="505"><subfield code="a">The secular Messiahs -- Voyages into the interior -- The lost garden -- The little green men -- Does the truth have a future?</subfield></datafield><datafield ind1="1" ind2="0" tag="600"><subfield code="a">Freud, Sigmund</subfield><subfield code="d">1856-1939</subfield></datafield><datafield ind1="1" ind2="0" tag="600"><subfield code="a">Lévi-Strauss, Claude</subfield><subfield code="d">1908-2009</subfield></datafield><datafield ind1="1" ind2="0" tag="600"><subfield code="a">Marx, Karl</subfield><subfield code="d">1818-1883</subfield></datafield><datafield ind1="1" ind2="7" tag="600"><subfield code="a">Freud, Sigmund</subfield><subfield code="d">1856-1939</subfield><subfield code="0">(IDREF)027324664</subfield><subfield code="2">idref</subfield></datafield><datafield ind1="1" ind2="7" tag="600"><subfield code="a">Lévi-Strauss, Claude</subfield><subfield code="d">1908-2009</subfield><subfield code="0">(IDREF)02698797X</subfield><subfield code="2">idref</subfield></datafield><datafield ind1="1" ind2="7" tag="600"><subfield code="a">Marx, Karl</subfield><subfield code="d">1818-1883</subfield><subfield code="0">(IDREF)027329305</subfield><subfield code="2">idref</subfield></datafield><datafield ind1=" " ind2="0" tag="650"><subfield code="a">Christianity</subfield><subfield code="y">20th century</subfield></datafield><datafield ind1=" " ind2="0" tag="650"><subfield code="a">Civilization, Modern</subfield><subfield code="y">1950-</subfield></datafield><datafield ind1=" " ind2="7" tag="650"><subfield code="a">Civilisation moderne</subfield><subfield code="0">(IDREF)050627058</subfield><subfield code="2">idref</subfield></datafield><datafield ind1=" " ind2="7" tag="650"><subfield code="a">Religion</subfield><subfield code="0">(IDREF)027636895</subfield><subfield code="2">idref</subfield></datafield><datafield ind1=" " ind2="7" tag="650"><subfield code="a">Absolu</subfield><subfield code="0">(IDREF)027437558</subfield><subfield code="2">idref</subfield></datafield><datafield ind1=" " ind2=" " tag="900"><subfield code="a">REROnoselfmerge</subfield></datafield><datafield ind1=" " ind2=" " tag="910"><subfield code="a">OCoLC</subfield><subfield code="b">20190129</subfield><subfield code="c">Réutilisation sous conditions: Licence ODC-BY</subfield></datafield></record>
</metadata></record>