<record><header><identifier>oai:alma.41SLSP_UGE:991000039179705502</identifier><datestamp>2023-03-01T01:08:54Z</datestamp><setSpec>uge_bcen_RapidILL_BOOK</setSpec><setSpec>uge_aaca_RapidILL_BOOK</setSpec><setSpec>uge_abels_RapidILL_BOOK</setSpec><setSpec>uge_dbu_RapidILL_BOOK</setSpec><setSpec>uge_cmu_RapidILL_BOOK</setSpec><setSpec>uge_mail_RapidILL_BOOK</setSpec><setSpec>UNIGE_ALL</setSpec><setSpec>uge_abbat_RapidILL_BOOK</setSpec><setSpec>uge_acar_RapidILL_BOOK</setSpec><setSpec>uge_aobs_RapidILL_BOOK</setSpec></header><metadata>
<record xmlns="http://www.loc.gov/MARC21/slim" xmlns:xsi="http://www.w3.org/2001/XMLSchema-instance" xsi:schemaLocation="http://www.loc.gov/MARC21/slim http://www.loc.gov/standards/marcxml/schema/MARC21slim.xsd"><leader>05204nam a2200673 c 4500</leader><controlfield tag="001">991000039179705502</controlfield><controlfield tag="005">20230224180947.0</controlfield><controlfield tag="008">201011t20192019ne       |||| 011 0 eng| </controlfield><datafield ind1=" " ind2=" " tag="010"><subfield code="a">2018058084</subfield></datafield><datafield ind1=" " ind2=" " tag="015"><subfield code="a">29452114</subfield><subfield code="2">bccb</subfield></datafield><datafield ind1=" " ind2=" " tag="020"><subfield code="a">9004391738</subfield><subfield code="q">paperback</subfield><subfield code="q">alkaline paper</subfield></datafield><datafield ind1=" " ind2=" " tag="020"><subfield code="a">9789004391734</subfield><subfield code="q">paperback</subfield><subfield code="q">alkaline paper</subfield></datafield><datafield ind1=" " ind2=" " tag="035"><subfield code="a">(swissbib)23020371X-41slsp_network</subfield></datafield><datafield ind1=" " ind2=" " tag="035"><subfield code="a">23020371X</subfield><subfield code="9">ExL</subfield></datafield><datafield ind1=" " ind2=" " tag="035"><subfield code="a">(NEBIS)011395462EBI01</subfield></datafield><datafield ind1=" " ind2=" " tag="035"><subfield code="a">(RERO)R008927171-41slsp</subfield></datafield><datafield ind1=" " ind2=" " tag="035"><subfield code="a">(IDSLU)001363843ILU01</subfield></datafield><datafield ind1=" " ind2=" " tag="035"><subfield code="a">(OCoLC)1084631585</subfield></datafield><datafield ind1=" " ind2=" " tag="035"><subfield code="a">(OCoLC)1089931129</subfield></datafield><datafield ind1=" " ind2=" " tag="035"><subfield code="a">(EXLNZ-41SLSP_NETWORK)991074908169705501</subfield></datafield><datafield ind1=" " ind2=" " tag="040"><subfield code="a">DLC</subfield><subfield code="b">ger</subfield><subfield code="e">rda</subfield><subfield code="d">CH-ZuSLS</subfield></datafield><datafield ind1=" " ind2=" " tag="042"><subfield code="a">pcc</subfield></datafield><datafield ind1="0" ind2="0" tag="050"><subfield code="a">BT121.3</subfield><subfield code="b">.S645 2019</subfield></datafield><datafield ind1=" " ind2="7" tag="072"><subfield code="a">th</subfield><subfield code="2">rero</subfield></datafield><datafield ind1=" " ind2="7" tag="072"><subfield code="a">740</subfield><subfield code="2">IDS LU</subfield></datafield><datafield ind1="0" ind2="0" tag="082"><subfield code="a">231/.3</subfield><subfield code="2">23</subfield></datafield><datafield ind1="7" ind2="4" tag="082"><subfield code="a">230</subfield><subfield code="2">23sdnb</subfield></datafield><datafield ind1=" " ind2=" " tag="084"><subfield code="a">BN 5800</subfield><subfield code="2">rvk</subfield></datafield><datafield ind1="0" ind2="0" tag="245"><subfield code="a">&lt;&lt;The&gt;&gt; spirit is moving: new pathways in pneumatology</subfield><subfield code="b">studies presented to Professor Cornelis van der Kooi on the occasion of his retirement</subfield><subfield code="c">edited by Gijsbert van den Brink, Eveline van Staalduine-Sulman, Maarten Wisse</subfield></datafield><datafield ind1=" " ind2="1" tag="264"><subfield code="a">Leiden</subfield><subfield code="b">Brill</subfield><subfield code="c">[2019]</subfield></datafield><datafield ind1=" " ind2="4" tag="264"><subfield code="c">© 2019</subfield></datafield><datafield ind1=" " ind2=" " tag="300"><subfield code="a">xvii, 410 pages</subfield><subfield code="c">24 cm</subfield></datafield><datafield ind1=" " ind2=" " tag="336"><subfield code="b">txt</subfield><subfield code="2">rdacontent</subfield></datafield><datafield ind1=" " ind2=" " tag="337"><subfield code="b">n</subfield><subfield code="2">rdamedia</subfield></datafield><datafield ind1=" " ind2=" " tag="338"><subfield code="b">nc</subfield><subfield code="2">rdacarrier</subfield></datafield><datafield ind1="1" ind2=" " tag="490"><subfield code="a">Studies in reformed theology</subfield><subfield code="v">volume 38</subfield></datafield><datafield ind1=" " ind2=" " tag="504"><subfield code="a">Met index, literatuuropgave</subfield></datafield><datafield ind1="0" ind2=" " tag="505"><subfield code="a">Introduction : Believing in the Holy Spirit today / Gijsbert van den Brink, Eveline van Staalduine-Sulman, Maarten Wisse -- The Spirit as critical biblical scholar / Eep Talstra -- The Spirit of holiness in Romans / Bert Jan Lietaert Peerbolte -- The spirit(s) from before the Lord : pneumatology in Targum Jonathan / Eveline van Staalduine-Sulman -- Spirit and scripture : from theopneustos through inspiratus to God-spirited / Erik A. de Boer -- Allegory within the bounds of the letter : toward a pnemnatological reorientation of Protestant interpretations of the Old Testament / Arnold Huijgen -- Pneuma-Christology as applied Christology : intimacy and immediacy in the Odes of Solomon / Henk A. Bakker -- Spirit-Christology and theandric language : a Protestant perspective / Gerrit C. van de Kamp -- The Spirit of the Lord is upon me : pneumatological Christology with and beyond Barth / Bruce L. McCormack -- Barth and the charismatics : how can they be reconciled? / Abraham van de Beek -- Substitution as a pneumatological concept / Martien E. Brinkman -- The Spirit and wisdom / Jan Veenhof -- The Spirit of God and creation : towards a pneumatological interpretation of biological emergence / Gijsbert van den Brink -- Discerning the Spirit in world religions : a neocalvinist approach / Richard J. Mouw -- Discerning the Spirit in world religions : the search for criteria / Benno van den Toren -- Retrieving Jonathan Edwards' doctrine of the indwelling of the Holy Spirit / Willem van Vlastuin -- Transforming Spirit : Oepke Noordmans' pneumatological view on being a human person / Akke van der Kooi -- He created us for a new beginning : Spiritus creator and human creativity / Gerard C. den Hertog -- Theodicy, creation, and suffering : drawing on God's Spirit and love / Michael Welker -- Setting free and bringing to purpose : the work of the Spirit in cultivating the virtues / Pieter Vos -- Prayer, the Holy Spirit and Jubilee in the life of Jesus and the church / Carl J. Bosma -- Christ's presence through the Spirit in the Holy Supper : retrieving Abraham Kuyper / Maarten Wisse -- The Spirit of the supernatural : the rise of apostolic networks in the Netherlands / Miranda Klaver -- Of muddy boots &amp; roadways : becoming theologians of the word and the Spirit / Cory B. Willson -- Spirit, chaplaincy, and theology : why should a chaplain read dogmatics? / Margriet A. Th. van der Kooi-Dijkstra</subfield></datafield><datafield ind1=" " ind2="7" tag="650"><subfield code="a">Saint-Esprit</subfield><subfield code="0">(IDREF)027488691</subfield><subfield code="2">idref</subfield></datafield><datafield ind1=" " ind2="7" tag="650"><subfield code="a">Théologie dogmatique</subfield><subfield code="0">(IDREF)027678342</subfield><subfield code="2">idref</subfield></datafield><datafield ind1=" " ind2="7" tag="655"><subfield code="a">Mélanges et hommages</subfield><subfield code="0">(IDREF)027414248</subfield><subfield code="2">idref</subfield></datafield><datafield ind1=" " ind2="7" tag="650"><subfield code="a">Holy Spirit</subfield><subfield code="2">fast</subfield></datafield><datafield ind1=" " ind2="0" tag="650"><subfield code="a">Holy Spirit</subfield></datafield><datafield ind1=" " ind2="7" tag="650"><subfield code="a">Pneumatologie</subfield><subfield code="0">(DE-588)4174943-1</subfield><subfield code="2">gnd</subfield></datafield><datafield ind1=" " ind2="7" tag="650"><subfield code="a">Evangelische Theologie</subfield><subfield code="0">(DE-588)4015875-5</subfield><subfield code="2">gnd</subfield></datafield><datafield ind1=" " ind2="7" tag="655"><subfield code="a">Aufsatzsammlung</subfield><subfield code="2">gnd-content</subfield></datafield><datafield ind1="1" ind2=" " tag="700"><subfield code="a">Kooi, Cornelis &lt;&lt;van der&gt;&gt;</subfield><subfield code="d">1952-</subfield><subfield code="6">880-06</subfield><subfield code="0">(DE-588)111343976</subfield><subfield code="e">Gefeierter</subfield><subfield code="4">hnr</subfield></datafield><datafield ind1="1" ind2=" " tag="880"><subfield code="6">700-06/(B</subfield><subfield code="a">Kooi, Cornelis van der</subfield><subfield code="d">1952-....</subfield><subfield code="0">(IDREF)029443296</subfield><subfield code="4">hnr</subfield></datafield><datafield ind1="1" ind2=" " tag="700"><subfield code="a">Staalduine-Sulman, Eveline &lt;&lt;van&gt;&gt;</subfield><subfield code="d">1964-</subfield><subfield code="0">(DE-588)1023263807</subfield><subfield code="e">Herausgeber</subfield><subfield code="4">edt</subfield></datafield><datafield ind1="1" ind2=" " tag="700"><subfield code="a">Wisse, Maarten</subfield><subfield code="d">1973-</subfield><subfield code="0">(DE-588)14289611X</subfield><subfield code="e">Herausgeber</subfield><subfield code="4">edt</subfield></datafield><datafield ind1="1" ind2=" " tag="700"><subfield code="a">Brink, Gijsbert &lt;&lt;van den&gt;&gt;</subfield><subfield code="d">1963-</subfield><subfield code="6">880-05</subfield><subfield code="0">(DE-588)12060602X</subfield><subfield code="e">Herausgeber</subfield><subfield code="4">edt</subfield></datafield><datafield ind1="1" ind2=" " tag="880"><subfield code="6">700-05</subfield><subfield code="a">Brink, Gijsbert van den</subfield><subfield code="d">1963-....</subfield><subfield code="0">(IDREF)035293977</subfield><subfield code="4">aut</subfield></datafield><datafield ind1="0" ind2=" " tag="776"><subfield code="z">9789004391741</subfield><subfield code="c">E-book</subfield></datafield><datafield ind1="4" ind2=" " tag="856"><subfield code="3">Inhaltsverzeichnis</subfield><subfield code="u">https://www.ub.unibas.ch/tox/IDSLUZ/001363843/PDF</subfield><subfield code="q">pdf</subfield></datafield><datafield ind1=" " ind2=" " tag="830"><subfield code="a">Studies in Reformed theology</subfield><subfield code="v">38</subfield><subfield code="w">(NEBIS)001827842EBI01</subfield></datafield><datafield ind1=" " ind2=" " tag="830"><subfield code="a">Studies in reformed theology</subfield><subfield code="v">38</subfield><subfield code="w">(RERO)R004684387-41slsp</subfield></datafield><datafield ind1=" " ind2=" " tag="900"><subfield code="a">REROnoselfmerge</subfield></datafield><datafield ind1=" " ind2=" " tag="903"><subfield code="a">RERO-SIGN</subfield><subfield code="5">BCUFR/20211018/mjo</subfield></datafield><datafield ind1=" " ind2=" " tag="910"><subfield code="a">OCoLC</subfield><subfield code="b">20190521</subfield><subfield code="c">Réutilisation sous conditions: Licence ODC-BY</subfield></datafield><datafield ind1=" " ind2=" " tag="949"><subfield code="a">https://www.ub.unibas.ch/tox/IDSLUZ/001363843/PDF</subfield></datafield></record>
</metadata></record>