<record><header><identifier>oai:alma.41SLSP_UGE:991000039699705502</identifier><datestamp>2023-03-01T01:08:54Z</datestamp><setSpec>uge_bcen_RapidILL_BOOK</setSpec><setSpec>uge_aaca_RapidILL_BOOK</setSpec><setSpec>uge_abels_RapidILL_BOOK</setSpec><setSpec>uge_dbu_RapidILL_BOOK</setSpec><setSpec>uge_cmu_RapidILL_BOOK</setSpec><setSpec>uge_mail_RapidILL_BOOK</setSpec><setSpec>UNIGE_ALL</setSpec><setSpec>uge_abbat_RapidILL_BOOK</setSpec><setSpec>uge_aobs_RapidILL_BOOK</setSpec><setSpec>uge_acar_RapidILL_BOOK</setSpec></header><metadata>
<record xmlns="http://www.loc.gov/MARC21/slim" xmlns:xsi="http://www.w3.org/2001/XMLSchema-instance" xsi:schemaLocation="http://www.loc.gov/MARC21/slim http://www.loc.gov/standards/marcxml/schema/MARC21slim.xsd"><leader>04026nam a2200853 c 4500</leader><controlfield tag="001">991000039699705502</controlfield><controlfield tag="005">20230224182524.0</controlfield><controlfield tag="008">201011s2009    mau           00| | eng| </controlfield><datafield ind1=" " ind2=" " tag="010"><subfield code="a">2008021456</subfield></datafield><datafield ind1="7" ind2=" " tag="016"><subfield code="a">L4021-003878</subfield><subfield code="2">SzZuIDS</subfield></datafield><datafield ind1=" " ind2=" " tag="020"><subfield code="a">9781405110914</subfield><subfield code="q">pbk. : alk. paper</subfield></datafield><datafield ind1=" " ind2=" " tag="020"><subfield code="a">9781405110525</subfield><subfield code="q">hardcover : alk. paper</subfield></datafield><datafield ind1=" " ind2=" " tag="020"><subfield code="a">140511052X</subfield><subfield code="q">hbk.</subfield></datafield><datafield ind1=" " ind2=" " tag="020"><subfield code="a">1405110910</subfield><subfield code="q">pbk.</subfield></datafield><datafield ind1="7" ind2=" " tag="024"><subfield code="a">http://catalogue.bnf.fr/ark:/12148/cb42207082z</subfield><subfield code="2">uri</subfield></datafield><datafield ind1=" " ind2=" " tag="035"><subfield code="a">(swissbib)213990377-41slsp_network</subfield></datafield><datafield ind1=" " ind2=" " tag="035"><subfield code="a">213990377</subfield><subfield code="9">ExL</subfield></datafield><datafield ind1=" " ind2=" " tag="035"><subfield code="a">(IDSBB)004809285DSV01</subfield></datafield><datafield ind1=" " ind2=" " tag="035"><subfield code="a">(RERO)R005007193-41slsp</subfield></datafield><datafield ind1=" " ind2=" " tag="035"><subfield code="a">(NEBIS)009492336EBI01</subfield></datafield><datafield ind1=" " ind2=" " tag="035"><subfield code="a">(NEBIS)005591451EBI01</subfield></datafield><datafield ind1=" " ind2=" " tag="035"><subfield code="a">(IDSSG)000534397HSB01</subfield></datafield><datafield ind1=" " ind2=" " tag="035"><subfield code="a">(OCoLC) ocn228701302</subfield></datafield><datafield ind1=" " ind2=" " tag="035"><subfield code="a">(EXLNZ-41SLSP_NETWORK)991093781639705501</subfield></datafield><datafield ind1=" " ind2=" " tag="040"><subfield code="a">DLC</subfield><subfield code="e">kids</subfield><subfield code="d">CH-ZuSLS</subfield></datafield><datafield ind1="0" ind2="0" tag="050"><subfield code="a">JZ1318 $b.H477 2009</subfield></datafield><datafield ind1=" " ind2=" " tag="050"><subfield code="a">JZ1318</subfield><subfield code="b">.H477 2009</subfield></datafield><datafield ind1=" " ind2="7" tag="072"><subfield code="a">gg</subfield><subfield code="2">SzZuIDS BS/BE</subfield></datafield><datafield ind1=" " ind2="7" tag="072"><subfield code="a">wi</subfield><subfield code="2">SzZuIDS BS/BE</subfield></datafield><datafield ind1=" " ind2="7" tag="072"><subfield code="a">ss</subfield><subfield code="2">rero</subfield></datafield><datafield ind1="0" ind2="0" tag="082"><subfield code="a">303.48/2</subfield><subfield code="2">22</subfield></datafield><datafield ind1="0" ind2="4" tag="082"><subfield code="a">303.48 2</subfield><subfield code="2">22</subfield></datafield><datafield ind1="1" ind2="4" tag="082"><subfield code="a">303.482</subfield><subfield code="2">22</subfield></datafield><datafield ind1="1" ind2="4" tag="082"><subfield code="a">330</subfield><subfield code="2">15</subfield></datafield><datafield ind1=" " ind2=" " tag="084"><subfield code="a">RB 10558</subfield><subfield code="2">rvk</subfield></datafield><datafield ind1=" " ind2=" " tag="084"><subfield code="a">RB 10559</subfield><subfield code="2">rvk</subfield></datafield><datafield ind1="1" ind2=" " tag="100"><subfield code="a">Herod, Andrew</subfield><subfield code="d">1964-</subfield><subfield code="0">(DE-588)13722575X</subfield><subfield code="6">880-01</subfield></datafield><datafield ind1="1" ind2=" " tag="880"><subfield code="6">100-01</subfield><subfield code="a">Herod, Andrew</subfield><subfield code="d">1964-....</subfield><subfield code="0">(IDREF)060620099</subfield><subfield code="4">cre</subfield></datafield><datafield ind1="1" ind2="0" tag="245"><subfield code="a">Geographies of globalization</subfield><subfield code="b">a critical introduction</subfield><subfield code="c">Andrew Herod</subfield></datafield><datafield ind1=" " ind2="1" tag="264"><subfield code="a">Malden, MA</subfield><subfield code="b">Wiley-Blackwell</subfield><subfield code="c">2009</subfield></datafield><datafield ind1=" " ind2=" " tag="300"><subfield code="a">xv, 278 p.</subfield><subfield code="b">ill., maps, plans</subfield></datafield><datafield ind1=" " ind2=" " tag="336"><subfield code="b">txt</subfield><subfield code="2">rdacontent</subfield></datafield><datafield ind1=" " ind2=" " tag="337"><subfield code="b">n</subfield><subfield code="2">rdamedia</subfield></datafield><datafield ind1=" " ind2=" " tag="338"><subfield code="b">nc</subfield><subfield code="2">rdacarrier</subfield></datafield><datafield ind1="0" ind2=" " tag="490"><subfield code="a">Critical introductions to geography</subfield></datafield><datafield ind1=" " ind2=" " tag="504"><subfield code="a">Includes bibliographical references (p. [234]-262) and index</subfield></datafield><datafield ind1="0" ind2=" " tag="505"><subfield code="a">Introduction -- Envisioning global visions -- Interpreting globalization -- Talking globalization -- Globalizing empires -- Manufacturing globalization -- Governing globalization -- Globalizing labor -- Conclusion</subfield></datafield><datafield ind1="3" ind2=" " tag="520"><subfield code="a">&quot;This book is a critical introduction to the concepts and realities surrounding what has become the leitmotif of our contemporary world. The book shows that whatever else they may be, the contemporary processes that are impacting on the world economy and which are variously represented as 'globalization' and/or 'internationalization' are fundamentally geographical processes, for they are tying the planet together in new and different ways.&quot;--Jacket</subfield></datafield><datafield ind1=" " ind2="7" tag="650"><subfield code="a">Intégration économique</subfield><subfield code="0">(IDREF)028665198</subfield><subfield code="2">idref</subfield></datafield><datafield ind1=" " ind2="7" tag="650"><subfield code="a">Géographie humaine</subfield><subfield code="0">(IDREF)02753460X</subfield><subfield code="2">idref</subfield></datafield><datafield ind1=" " ind2="7" tag="650"><subfield code="a">Mondialisation</subfield><subfield code="0">(IDREF)03500407X</subfield><subfield code="2">idref</subfield></datafield><datafield ind1=" " ind2="0" tag="650"><subfield code="a">Globalization</subfield></datafield><datafield ind1=" " ind2="0" tag="650"><subfield code="a">International economic integration</subfield></datafield><datafield ind1=" " ind2="0" tag="650"><subfield code="a">Human geography</subfield></datafield><datafield ind1=" " ind2="7" tag="650"><subfield code="a">Anthropogeographie</subfield><subfield code="2">idszbz</subfield></datafield><datafield ind1=" " ind2="7" tag="650"><subfield code="a">Wirtschaftliche Integration</subfield><subfield code="0">(DE-588)4066410-7</subfield><subfield code="2">gnd</subfield></datafield><datafield ind1=" " ind2="7" tag="650"><subfield code="a">Globalisierung</subfield><subfield code="2">idszbz</subfield></datafield><datafield ind1=" " ind2="7" tag="650"><subfield code="a">Internationalisierung</subfield><subfield code="0">(DE-588)4162106-2</subfield><subfield code="2">gnd</subfield></datafield><datafield ind1=" " ind2="7" tag="650"><subfield code="a">Weltwirtschaftsgeografie</subfield><subfield code="0">(DE-588)4189615-4</subfield><subfield code="2">gnd</subfield></datafield><datafield ind1=" " ind2="0" tag="650"><subfield code="a">Globalization</subfield><subfield code="x">Social aspects</subfield></datafield><datafield ind1=" " ind2="7" tag="650"><subfield code="a">Anthropogeografie</subfield><subfield code="0">(DE-588)4133695-1</subfield><subfield code="2">gnd</subfield></datafield><datafield ind1=" " ind2="7" tag="650"><subfield code="a">Globalisierung</subfield><subfield code="0">(DE-588)4557997-0</subfield><subfield code="2">gnd</subfield></datafield><datafield ind1=" " ind2="7" tag="650"><subfield code="a">Geografie</subfield><subfield code="0">(DE-588)4020216-1</subfield><subfield code="2">gnd</subfield></datafield><datafield ind1=" " ind2=" " tag="690"><subfield code="a">100</subfield><subfield code="d">Humangeographie, Sozialgeographie, Kulturgeographie allgemein</subfield><subfield code="2">uzb-UJ</subfield></datafield><datafield ind1=" " ind2=" " tag="690"><subfield code="a">100c</subfield><subfield code="d">Globalisierung</subfield><subfield code="2">uzb-UJ</subfield></datafield><datafield ind1=" " ind2=" " tag="690"><subfield code="a">121</subfield><subfield code="d">Wirtschaftsgeographie allgemein</subfield><subfield code="2">uzb-UJ</subfield></datafield><datafield ind1=" " ind2=" " tag="690"><subfield code="a">180</subfield><subfield code="d">Politische Geographie, Geopolitik</subfield><subfield code="2">uzb-UJ</subfield></datafield><datafield ind1=" " ind2=" " tag="690"><subfield code="a">Globalization ; Abbreviation ; Geography ; Nomenclature ; Lime blowing ; Publication ; Preface ; Money value ; Value for money ; seeing ; Empire</subfield><subfield code="2">idssg-J</subfield></datafield><datafield ind1=" " ind2=" " tag="690"><subfield code="a">Critical Andrew Herod</subfield><subfield code="2">idssg-J</subfield></datafield><datafield ind1=" " ind2=" " tag="690"><subfield code="a">BLACKWELL; B; BLACKWELL</subfield><subfield code="2">idssg-J</subfield></datafield><datafield ind1="4" ind2=" " tag="856"><subfield code="3">Titelblatt und Inhaltsverzeichnis</subfield><subfield code="u">https://toc.library.ethz.ch/objects/pdf/z01_978-1-4051-1052-5_01.pdf</subfield><subfield code="q">pdf</subfield></datafield><datafield ind1=" " ind2=" " tag="900"><subfield code="a">REROnoselfmerge</subfield></datafield><datafield ind1=" " ind2=" " tag="900"><subfield code="a">IDSZ2zbzmon200901f</subfield><subfield code="c">IDSZ2gabr</subfield><subfield code="d">IDSZ2zbzswk200902b</subfield><subfield code="e">IDSZ2bucp</subfield></datafield><datafield ind1=" " ind2=" " tag="911"><subfield code="a">100</subfield><subfield code="a">Herod, Andrew</subfield><subfield code="d">1964-</subfield></datafield><datafield ind1=" " ind2=" " tag="949"><subfield code="a">https://toc.library.ethz.ch/objects/pdf/z01_978-1-4051-1052-5_01.pdf</subfield></datafield><datafield ind1=" " ind2=" " tag="961"><subfield code="2">gsi</subfield><subfield code="a">339</subfield><subfield code="9">LOCAL</subfield></datafield></record>
</metadata></record>