<record><header><identifier>oai:alma.41SLSP_UGE:991000039489705502</identifier><datestamp>2023-06-20T00:24:31Z</datestamp><setSpec>UNIGE_ALL</setSpec></header><metadata>
<record xmlns="http://www.loc.gov/MARC21/slim" xmlns:xsi="http://www.w3.org/2001/XMLSchema-instance" xsi:schemaLocation="http://www.loc.gov/MARC21/slim http://www.loc.gov/standards/marcxml/schema/MARC21slim.xsd"><leader>03066njm a2200721 c 4500</leader><controlfield tag="001">991000039489705502</controlfield><controlfield tag="005">20230619202104.0</controlfield><controlfield tag="007">sd z||g|||||||</controlfield><controlfield tag="008">201011t19871987gw ||n              zxx d</controlfield><datafield ind1="0" ind2="2" tag="028"><subfield code="a">Wergo WER 60131-50</subfield></datafield><datafield ind1="0" ind2="2" tag="028"><subfield code="a">Wergo 60131-50</subfield></datafield><datafield ind1="3" ind2="2" tag="028"><subfield code="a">WER 60131-50</subfield></datafield><datafield ind1=" " ind2=" " tag="035"><subfield code="a">(swissbib)22288150X-41slsp_network</subfield></datafield><datafield ind1=" " ind2=" " tag="035"><subfield code="a">22288150X</subfield><subfield code="9">ExL</subfield></datafield><datafield ind1=" " ind2=" " tag="035"><subfield code="a">(IDSBB)001981630DSV01</subfield></datafield><datafield ind1=" " ind2=" " tag="035"><subfield code="a">(RERO)1125483-41slsp</subfield></datafield><datafield ind1=" " ind2=" " tag="035"><subfield code="a">(NEBIS)001161604EBI01</subfield></datafield><datafield ind1=" " ind2=" " tag="035"><subfield code="a">(EXLNZ-41SLSP_NETWORK)991052408479705501</subfield></datafield><datafield ind1=" " ind2=" " tag="040"><subfield code="a">SzZuIDS BS/BE A164</subfield><subfield code="b">ger</subfield><subfield code="e">kids</subfield><subfield code="d">CH-ZuSLS</subfield></datafield><datafield ind1=" " ind2="7" tag="072"><subfield code="a">mu</subfield><subfield code="2">SzZuIDS BS/BE</subfield></datafield><datafield ind1=" " ind2="7" tag="072"><subfield code="a">mu</subfield><subfield code="2">rero</subfield></datafield><datafield ind1="1" ind2="4" tag="082"><subfield code="a">780</subfield><subfield code="2">15</subfield></datafield><datafield ind1="1" ind2=" " tag="100"><subfield code="a">Ligeti, György</subfield><subfield code="d">1923-2006</subfield><subfield code="0">(DE-588)118572911</subfield><subfield code="6">880-01</subfield></datafield><datafield ind1="1" ind2=" " tag="880"><subfield code="6">100-01</subfield><subfield code="a">Ligeti, György</subfield><subfield code="d">1923-2006</subfield><subfield code="0">(IDREF)02804052X</subfield><subfield code="4">cre</subfield></datafield><datafield ind1="1" ind2="0" tag="240"><subfield code="a">Werke</subfield><subfield code="p">Klaviermusik</subfield><subfield code="k">Ausw.</subfield></datafield><datafield ind1="1" ind2="0" tag="245"><subfield code="a">Musica ricercata</subfield><subfield code="b">; Capriccio Nr. 1 ; Invention (1948) ; Capriccio Nr. 2 ; Monument, Selbstportrait, Bewegung : drei Stücke für zwei Klaviere</subfield><subfield code="c">György Ligeti</subfield></datafield><datafield ind1=" " ind2="1" tag="264"><subfield code="a">Mainz</subfield><subfield code="b">Wergo</subfield><subfield code="c">1987</subfield></datafield><datafield ind1=" " ind2="4" tag="264"><subfield code="c">℗1987</subfield></datafield><datafield ind1=" " ind2=" " tag="300"><subfield code="a">1 DISQUE COMPACT</subfield><subfield code="b">stéréo (DDD)</subfield></datafield><datafield ind1=" " ind2=" " tag="336"><subfield code="b">prm</subfield><subfield code="2">rdacontent</subfield></datafield><datafield ind1=" " ind2=" " tag="337"><subfield code="b">s</subfield><subfield code="2">rdamedia</subfield></datafield><datafield ind1=" " ind2=" " tag="338"><subfield code="b">sd</subfield><subfield code="2">rdacarrier</subfield></datafield><datafield ind1=" " ind2=" " tag="382"><subfield code="a">Klavier</subfield><subfield code="n">1</subfield><subfield code="2">idsmusi</subfield></datafield><datafield ind1=" " ind2=" " tag="382"><subfield code="a">Klavier</subfield><subfield code="n">2</subfield><subfield code="2">idsmusi</subfield></datafield><datafield ind1=" " ind2=" " tag="500"><subfield code="a">Aufnahme: München, Bayerischer Rundfunk, Studio 1, Aug 1985</subfield></datafield><datafield ind1=" " ind2=" " tag="500"><subfield code="a">Mit Ausnahme des letzten Werks alle Stücke für Klavier allein</subfield></datafield><datafield ind1="0" ind2=" " tag="511"><subfield code="a">Interpr.: Uriarte, Begoña (piano) ; Mrongovius, Karl-Hermann (piano)</subfield></datafield><datafield ind1="0" ind2=" " tag="511"><subfield code="a">Interpr.: Uriarte-Mrongovius, Begoña (Klavier) ; Mrongovius, Karl-Hermann (Klavier)</subfield></datafield><datafield ind1=" " ind2="7" tag="655"><subfield code="a">Ricercar</subfield><subfield code="y">20. Jh.</subfield><subfield code="2">idsmusg</subfield></datafield><datafield ind1=" " ind2="7" tag="655"><subfield code="a">Stück</subfield><subfield code="y">20. Jh.</subfield><subfield code="2">idsmusg</subfield></datafield><datafield ind1=" " ind2="7" tag="655"><subfield code="a">[Gattung (verschiedene)]</subfield><subfield code="y">20. Jh.</subfield><subfield code="v">Sammlung</subfield><subfield code="2">idsmusg</subfield></datafield><datafield ind1=" " ind2="7" tag="655"><subfield code="a">Capriccio</subfield><subfield code="y">20. Jh.</subfield><subfield code="2">idsmusg</subfield></datafield><datafield ind1=" " ind2="7" tag="655"><subfield code="a">Invention</subfield><subfield code="y">20. Jh.</subfield><subfield code="2">idsmusg</subfield></datafield><datafield ind1=" " ind2="7" tag="655"><subfield code="a">CD</subfield><subfield code="2">gnd-carrier</subfield></datafield><datafield ind1=" " ind2=" " tag="690"><subfield code="a">Capriccio</subfield><subfield code="q">Klavier</subfield><subfield code="t">20. Jh.</subfield><subfield code="v">Ton</subfield><subfield code="2">ids-music</subfield></datafield><datafield ind1=" " ind2=" " tag="690"><subfield code="a">Invention</subfield><subfield code="q">Klavier</subfield><subfield code="t">20. Jh.</subfield><subfield code="v">Ton</subfield><subfield code="2">ids-music</subfield></datafield><datafield ind1=" " ind2=" " tag="690"><subfield code="a">Ricercar</subfield><subfield code="q">Klavier</subfield><subfield code="t">20. Jh.</subfield><subfield code="v">Ton</subfield><subfield code="2">ids-music</subfield></datafield><datafield ind1=" " ind2=" " tag="690"><subfield code="a">Stück</subfield><subfield code="q">Klavier (2)</subfield><subfield code="t">20. Jh.</subfield><subfield code="v">Ton</subfield><subfield code="2">ids-music</subfield></datafield><datafield ind1=" " ind2=" " tag="690"><subfield code="a">[Gattung (verschiedene)]</subfield><subfield code="q">Klavier</subfield><subfield code="t">20. Jh.</subfield><subfield code="v">Ton</subfield><subfield code="x">Sammlung</subfield><subfield code="2">ids-music</subfield></datafield><datafield ind1=" " ind2=" " tag="690"><subfield code="q">Klavier</subfield><subfield code="t">20. Jh.</subfield><subfield code="2">ids-music</subfield></datafield><datafield ind1=" " ind2=" " tag="690"><subfield code="q">Klavier (2)</subfield><subfield code="t">20. Jh.</subfield><subfield code="2">ids-music</subfield></datafield><datafield ind1="1" ind2="2" tag="700"><subfield code="a">Ligeti, György</subfield><subfield code="d">1923-2006</subfield><subfield code="t">Musica ricercata</subfield></datafield><datafield ind1="1" ind2="2" tag="700"><subfield code="a">Ligeti, György</subfield><subfield code="d">1923-2006</subfield><subfield code="t">Monument, Selbstportrait, Bewegung</subfield></datafield><datafield ind1="1" ind2="2" tag="700"><subfield code="a">Ligeti, György</subfield><subfield code="d">1923-2006</subfield><subfield code="t">Capriccios</subfield><subfield code="m">Kl</subfield><subfield code="n">Nr. 1</subfield></datafield><datafield ind1="1" ind2="2" tag="700"><subfield code="a">Ligeti, György</subfield><subfield code="d">1923-2006</subfield><subfield code="t">Capriccios</subfield><subfield code="m">Kl</subfield><subfield code="n">Nr. 2</subfield></datafield><datafield ind1="1" ind2="2" tag="700"><subfield code="a">Ligeti, György</subfield><subfield code="d">1923-2006</subfield><subfield code="t">Inventionen</subfield><subfield code="m">Kl</subfield><subfield code="n">1948</subfield></datafield><datafield ind1="1" ind2=" " tag="700"><subfield code="a">Uriarte, Begoña</subfield><subfield code="d">1945-</subfield><subfield code="0">(DE-588)134544617</subfield><subfield code="6">880-07</subfield></datafield><datafield ind1="1" ind2=" " tag="880"><subfield code="6">700-07</subfield><subfield code="a">Uriarte, Begoña</subfield><subfield code="0">(IDREF)243846738</subfield></datafield><datafield ind1="1" ind2=" " tag="700"><subfield code="a">Mrongovius, Karl-Hermann</subfield><subfield code="d">1937-</subfield><subfield code="0">(DE-588)134467671</subfield><subfield code="6">880-08</subfield></datafield><datafield ind1="1" ind2=" " tag="880"><subfield code="a">Mrongovius, Karl-Hermann</subfield><subfield code="0">(RERO)A003616105</subfield><subfield code="6">700-08</subfield></datafield><datafield ind1="0" ind2="2" tag="740"><subfield code="a">Capriccio Nr. 1</subfield></datafield><datafield ind1="0" ind2="2" tag="740"><subfield code="a">Invention</subfield></datafield><datafield ind1="0" ind2="2" tag="740"><subfield code="a">Capriccio Nr. 2</subfield></datafield><datafield ind1="0" ind2="2" tag="740"><subfield code="a">Monument - Selbstportrait - Bewegung</subfield></datafield></record>
</metadata></record>