<record><header><identifier>oai:alma.41SLSP_UGE:991000039279705502</identifier><datestamp>2024-07-19T00:07:12Z</datestamp><setSpec>uge_bcen_RapidILL_BOOK</setSpec><setSpec>uge_aaca_RapidILL_BOOK</setSpec><setSpec>uge_abels_RapidILL_BOOK</setSpec><setSpec>uge_dbu_RapidILL_BOOK</setSpec><setSpec>uge_cmu_RapidILL_BOOK</setSpec><setSpec>uge_mail_RapidILL_BOOK</setSpec><setSpec>uge_abbat_RapidILL_BOOK</setSpec><setSpec>UNIGE_ALL</setSpec><setSpec>uge_acar_RapidILL_BOOK</setSpec><setSpec>uge_aobs_RapidILL_BOOK</setSpec></header><metadata>
<record xmlns="http://www.loc.gov/MARC21/slim" xmlns:xsi="http://www.w3.org/2001/XMLSchema-instance" xsi:schemaLocation="http://www.loc.gov/MARC21/slim http://www.loc.gov/standards/marcxml/schema/MARC21slim.xsd"><leader>01439nam a2200373 c 4500</leader><controlfield tag="001">991000039279705502</controlfield><controlfield tag="005">20201230222308.0</controlfield><controlfield tag="008">201011s1974    xr ||||| |||| 00| ||eng d</controlfield><datafield ind1=" " ind2=" " tag="035"><subfield code="a">(swissbib)229986846-41slsp_network</subfield></datafield><datafield ind1=" " ind2=" " tag="035"><subfield code="a">229986846</subfield><subfield code="9">ExL</subfield></datafield><datafield ind1=" " ind2=" " tag="035"><subfield code="a">(RERO)0072868-41slsp</subfield></datafield><datafield ind1=" " ind2=" " tag="035"><subfield code="a">(IDSBB)002656103DSV01</subfield></datafield><datafield ind1=" " ind2=" " tag="035"><subfield code="a">(NEBIS)009446913EBI01</subfield></datafield><datafield ind1=" " ind2=" " tag="035"><subfield code="a">(EXLNZ-41SLSP_NETWORK)991058123129705501</subfield></datafield><datafield ind1=" " ind2=" " tag="040"><subfield code="a">RERO</subfield><subfield code="d">CH-ZuSLS</subfield></datafield><datafield ind1=" " ind2="7" tag="072"><subfield code="a">ar</subfield><subfield code="2">rero</subfield></datafield><datafield ind1=" " ind2="7" tag="072"><subfield code="a">ba</subfield><subfield code="2">rero</subfield></datafield><datafield ind1="1" ind2=" " tag="100"><subfield code="6">880-01</subfield><subfield code="a">Bouzek, Jan</subfield><subfield code="d">1935-2020</subfield><subfield code="0">(IDREF)030151279</subfield><subfield code="4">cre</subfield></datafield><datafield ind1="1" ind2=" " tag="880"><subfield code="a">Bouzek, Jan</subfield><subfield code="d">1935-2020</subfield><subfield code="0">(DE-588)120741164</subfield><subfield code="6">100-01</subfield></datafield><datafield ind1="1" ind2="0" tag="245"><subfield code="a">&lt;&lt;The&gt;&gt; Attic dark age incised ware</subfield><subfield code="c">Jan Bouzek</subfield></datafield><datafield ind1=" " ind2="1" tag="264"><subfield code="a">Praze</subfield><subfield code="b">Vydává Národní Muzeum</subfield><subfield code="c">1974</subfield></datafield><datafield ind1=" " ind2=" " tag="300"><subfield code="a">55 p., 4 f. de pl.</subfield><subfield code="b">fig.</subfield><subfield code="c">24 cm</subfield></datafield><datafield ind1=" " ind2=" " tag="336"><subfield code="b">txt</subfield><subfield code="2">rdacontent</subfield></datafield><datafield ind1=" " ind2=" " tag="337"><subfield code="b">n</subfield><subfield code="2">rdamedia</subfield></datafield><datafield ind1=" " ind2=" " tag="338"><subfield code="b">nc</subfield><subfield code="2">rdacarrier</subfield></datafield><datafield ind1="0" ind2=" " tag="490"><subfield code="a">Acta Musei nationalis Pragae. Series A - historia</subfield><subfield code="v">vol. 28, no 1</subfield></datafield><datafield ind1="1" ind2=" " tag="490"><subfield code="a">Sborník Národního musea v Praze. Řada A, Historie</subfield><subfield code="v">Vol. 28, no. 1</subfield></datafield><datafield ind1=" " ind2=" " tag="500"><subfield code="a">SA aus: Acta Musei Nationalis Pragae Vol. 28, 1974, No. 1</subfield></datafield><datafield ind1=" " ind2="4" tag="648"><subfield code="a">Geschichte 800 v. Chr.-700 v. Chr</subfield></datafield><datafield ind1=" " ind2="7" tag="650"><subfield code="a">céramique grecque antique attique - style géométrique</subfield><subfield code="0">(RERO)A010061942</subfield><subfield code="2">rerovoc</subfield></datafield><datafield ind1=" " ind2="4" tag="650"><subfield code="a">Keramik</subfield></datafield><datafield ind1=" " ind2="4" tag="651"><subfield code="a">Griechenland (Altertum)</subfield></datafield><datafield ind1=" " ind2=" " tag="830"><subfield code="a">Sborník Národního Musea v Praze</subfield><subfield code="n">Rada A</subfield><subfield code="p">Svazek Historický</subfield><subfield code="v">28/1</subfield><subfield code="w">(NEBIS)000054371EBI01</subfield></datafield><datafield ind1=" " ind2=" " tag="900"><subfield code="a">REROnoselfmerge</subfield></datafield><datafield ind1=" " ind2=" " tag="900"><subfield code="f">IDSU2medea</subfield></datafield></record>
</metadata></record>