<record><header><identifier>oai:alma.41SLSP_UGE:991000039399705502</identifier><datestamp>2024-09-21T00:25:22Z</datestamp><setSpec>uge_bcen_RapidILL_BOOK</setSpec><setSpec>uge_aaca_RapidILL_BOOK</setSpec><setSpec>uge_abels_RapidILL_BOOK</setSpec><setSpec>uge_dbu_RapidILL_BOOK</setSpec><setSpec>uge_cmu_RapidILL_BOOK</setSpec><setSpec>uge_mail_RapidILL_BOOK</setSpec><setSpec>uge_abbat_RapidILL_BOOK</setSpec><setSpec>UNIGE_ALL</setSpec><setSpec>uge_aobs_RapidILL_BOOK</setSpec><setSpec>uge_acar_RapidILL_BOOK</setSpec></header><metadata>
<record xmlns="http://www.loc.gov/MARC21/slim" xmlns:xsi="http://www.w3.org/2001/XMLSchema-instance" xsi:schemaLocation="http://www.loc.gov/MARC21/slim http://www.loc.gov/standards/marcxml/schema/MARC21slim.xsd"><leader>01423nam a2200385 c 4500</leader><controlfield tag="001">991000039399705502</controlfield><controlfield tag="005">20240920193450.0</controlfield><controlfield tag="008">201011s1994    it ||||| |||| 01| ||ita d</controlfield><datafield ind1=" " ind2=" " tag="035"><subfield code="a">(swissbib)230196489-41slsp_network</subfield></datafield><datafield ind1=" " ind2=" " tag="035"><subfield code="a">230196489</subfield><subfield code="9">ExL</subfield></datafield><datafield ind1=" " ind2=" " tag="035"><subfield code="a">(RERO)2234947-41slsp</subfield></datafield><datafield ind1=" " ind2=" " tag="035"><subfield code="a">(IDSBB)001208113DSV01</subfield></datafield><datafield ind1=" " ind2=" " tag="035"><subfield code="a">(EXLNZ-41SLSP_NETWORK)991074890319705501</subfield></datafield><datafield ind1=" " ind2=" " tag="040"><subfield code="a">RERO geulsa</subfield><subfield code="d">CH-ZuSLS</subfield></datafield><datafield ind1=" " ind2="7" tag="072"><subfield code="a">ar</subfield><subfield code="2">rero</subfield></datafield><datafield ind1=" " ind2="7" tag="072"><subfield code="a">ar</subfield><subfield code="2">SzZuIDS BS/BE</subfield></datafield><datafield ind1="1" ind2="4" tag="082"><subfield code="a">930</subfield><subfield code="2">15</subfield></datafield><datafield ind1="1" ind2=" " tag="100"><subfield code="a">Alfieri, Nereo</subfield><subfield code="d">1914-1995</subfield><subfield code="0">(IDREF)030339774</subfield><subfield code="4">cre</subfield></datafield><datafield ind1="1" ind2="0" tag="245"><subfield code="a">Spina e la ceramica attica</subfield><subfield code="c">Nereo Alfieri ; a cura di Stella Patitucci</subfield></datafield><datafield ind1=" " ind2="1" tag="264"><subfield code="a">[Lieu de publication non identifié]</subfield><subfield code="b">Ed. Kappa</subfield><subfield code="c">1994</subfield></datafield><datafield ind1=" " ind2="3" tag="264"><subfield code="a">Roma</subfield><subfield code="b">Edistampa</subfield></datafield><datafield ind1=" " ind2=" " tag="300"><subfield code="a">268 p.</subfield><subfield code="b">ill.</subfield><subfield code="c">24 cm</subfield></datafield><datafield ind1=" " ind2=" " tag="336"><subfield code="b">txt</subfield><subfield code="2">rdacontent</subfield></datafield><datafield ind1=" " ind2=" " tag="337"><subfield code="b">n</subfield><subfield code="2">rdamedia</subfield></datafield><datafield ind1=" " ind2=" " tag="338"><subfield code="b">nc</subfield><subfield code="2">rdacarrier</subfield></datafield><datafield ind1="1" ind2=" " tag="490"><subfield code="a">Nereo Alfieri</subfield><subfield code="v">1</subfield></datafield><datafield ind1="2" ind2="7" tag="610"><subfield code="a">Museo archeologico nazionale di Spina (Ferrare)</subfield><subfield code="0">(RERO)A009989858</subfield><subfield code="2">rero</subfield></datafield><datafield ind1=" " ind2="7" tag="650"><subfield code="a">Céramique grecque attique</subfield><subfield code="0">(RERO)A027725532</subfield><subfield code="2">rero</subfield></datafield><datafield ind1=" " ind2="7" tag="650"><subfield code="a">Vase</subfield><subfield code="z">attische</subfield><subfield code="z">Spina</subfield><subfield code="2">idsbb</subfield></datafield><datafield ind1=" " ind2="7" tag="651"><subfield code="a">Spina</subfield><subfield code="x">Archäologie</subfield><subfield code="2">idsbb</subfield></datafield><datafield ind1="1" ind2=" " tag="700"><subfield code="a">Uggeri Patitucci, Stella</subfield><subfield code="d">ca. 20./21. Jh.</subfield><subfield code="0">(DE-588)13758167X</subfield></datafield><datafield ind1="1" ind2=" " tag="700"><subfield code="a">Patitucci, Stella</subfield><subfield code="0">(RERO)A003674589</subfield></datafield><datafield ind1="1" ind2=" " tag="700"><subfield code="a">Alfieri, Nereo</subfield><subfield code="d">1914-1995</subfield><subfield code="0">(IDREF)030339774</subfield></datafield><datafield ind1="1" ind2=" " tag="800"><subfield code="a">Alfieri, Nereo</subfield><subfield code="t">Scritti minori</subfield><subfield code="v">1</subfield><subfield code="w">(IDSBB)001208107DSV01</subfield></datafield><datafield ind1=" " ind2=" " tag="830"><subfield code="a">Nereo Alfieri</subfield><subfield code="v">1</subfield><subfield code="w">(RERO)2234935-41slsp</subfield></datafield><datafield ind1=" " ind2=" " tag="900"><subfield code="a">REROnoselfmerge</subfield></datafield></record>
</metadata></record>