<record><header><identifier>oai:alma.41SLSP_UGE:991000039819705502</identifier><datestamp>2023-03-01T01:08:54Z</datestamp><setSpec>uge_bcen_RapidILL_BOOK</setSpec><setSpec>uge_aaca_RapidILL_BOOK</setSpec><setSpec>uge_abels_RapidILL_BOOK</setSpec><setSpec>uge_dbu_RapidILL_BOOK</setSpec><setSpec>uge_cmu_RapidILL_BOOK</setSpec><setSpec>uge_mail_RapidILL_BOOK</setSpec><setSpec>UNIGE_ALL</setSpec><setSpec>uge_abbat_RapidILL_BOOK</setSpec><setSpec>uge_aobs_RapidILL_BOOK</setSpec><setSpec>uge_acar_RapidILL_BOOK</setSpec></header><metadata>
<record xmlns="http://www.loc.gov/MARC21/slim" xmlns:xsi="http://www.w3.org/2001/XMLSchema-instance" xsi:schemaLocation="http://www.loc.gov/MARC21/slim http://www.loc.gov/standards/marcxml/schema/MARC21slim.xsd"><leader>01361nam a2200337 c 4500</leader><controlfield tag="001">991000039819705502</controlfield><controlfield tag="005">20230214193527.0</controlfield><controlfield tag="008">960525m19561957fr ||||| |||| 00| ||sux d</controlfield><datafield ind1=" " ind2=" " tag="035"><subfield code="a">(swissbib)076736938-41slsp_network</subfield></datafield><datafield ind1=" " ind2=" " tag="035"><subfield code="a">076736938</subfield><subfield code="9">ExL</subfield></datafield><datafield ind1=" " ind2=" " tag="035"><subfield code="a">(RERO)0053792-41slsp</subfield></datafield><datafield ind1=" " ind2=" " tag="035"><subfield code="a">(EXLNZ-41SLSP_NETWORK)991048148419705501</subfield></datafield><datafield ind1=" " ind2=" " tag="040"><subfield code="a">RERO</subfield><subfield code="d">CH-ZuSLS</subfield></datafield><datafield ind1="0" ind2=" " tag="041"><subfield code="a">sux</subfield><subfield code="a">fre</subfield></datafield><datafield ind1=" " ind2="7" tag="072"><subfield code="a">ha</subfield><subfield code="2">rero</subfield></datafield><datafield ind1="1" ind2=" " tag="080"><subfield code="a">935.3MARI</subfield></datafield><datafield ind1="0" ind2="0" tag="245"><subfield code="a">Textes économiques et administratifs</subfield><subfield code="c">[éd. et trad.] par Jean Bottéro</subfield></datafield><datafield ind1=" " ind2="1" tag="264"><subfield code="a">Paris</subfield><subfield code="b">Impr. Nationale</subfield><subfield code="c">1956-1957</subfield></datafield><datafield ind1=" " ind2=" " tag="300"><subfield code="a">IX, 364 p.</subfield><subfield code="c">25 cm</subfield><subfield code="e">80 f. de pl. dans un portefeuille ; 31 cm</subfield></datafield><datafield ind1=" " ind2=" " tag="336"><subfield code="b">txt</subfield><subfield code="2">rdacontent</subfield></datafield><datafield ind1=" " ind2=" " tag="337"><subfield code="b">n</subfield><subfield code="2">rdamedia</subfield></datafield><datafield ind1=" " ind2=" " tag="338"><subfield code="b">nc</subfield><subfield code="2">rdacarrier</subfield></datafield><datafield ind1="1" ind2=" " tag="490"><subfield code="a">Archives royales de Mari</subfield><subfield code="v">7</subfield></datafield><datafield ind1="1" ind2=" " tag="490"><subfield code="a">Textes cunéiformes / Musée du Louvre, Département des antiquités orientales</subfield><subfield code="v">28</subfield></datafield><datafield ind1=" " ind2=" " tag="500"><subfield code="a">Le portefeuille fait partie de la collection &quot;Textes cunéiformes&quot;</subfield></datafield><datafield ind1=" " ind2="7" tag="650"><subfield code="a">Conditions économiques</subfield><subfield code="0">(IDREF)028626885</subfield><subfield code="2">idref</subfield></datafield><datafield ind1=" " ind2="7" tag="651"><subfield code="a">Mari (ville ancienne)</subfield><subfield code="0">(IDREF)027251802</subfield><subfield code="2">idref</subfield></datafield><datafield ind1=" " ind2="7" tag="655"><subfield code="a">[document]</subfield><subfield code="2">rerovoc</subfield><subfield code="0">(RERO)A010182398</subfield></datafield><datafield ind1="1" ind2=" " tag="700"><subfield code="a">Bottéro, Jean</subfield><subfield code="d">1914-2007</subfield><subfield code="0">(IDREF)026741482</subfield></datafield><datafield ind1=" " ind2=" " tag="830"><subfield code="a">Textes cunéiformes / Musée du Louvre, Département des antiquités orientales</subfield><subfield code="v">28</subfield><subfield code="w">(RERO)1473914-41slsp</subfield></datafield><datafield ind1=" " ind2=" " tag="830"><subfield code="a">Archives royales de Mari</subfield><subfield code="v">7</subfield><subfield code="w">(RERO)0053786-41slsp</subfield></datafield><datafield ind1=" " ind2=" " tag="900"><subfield code="a">REROnoselfmerge</subfield></datafield></record>
</metadata></record>