<record><header><identifier>oai:alma.41SLSP_UGE:991000039189705502</identifier><datestamp>2024-09-28T00:30:39Z</datestamp><setSpec>uge_bcen_RapidILL_BOOK</setSpec><setSpec>uge_aaca_RapidILL_BOOK</setSpec><setSpec>uge_abels_RapidILL_BOOK</setSpec><setSpec>uge_dbu_RapidILL_BOOK</setSpec><setSpec>uge_cmu_RapidILL_BOOK</setSpec><setSpec>uge_mail_RapidILL_BOOK</setSpec><setSpec>uge_abbat_RapidILL_BOOK</setSpec><setSpec>UNIGE_ALL</setSpec><setSpec>uge_aobs_RapidILL_BOOK</setSpec><setSpec>uge_acar_RapidILL_BOOK</setSpec></header><metadata>
<record xmlns="http://www.loc.gov/MARC21/slim" xmlns:xsi="http://www.w3.org/2001/XMLSchema-instance" xsi:schemaLocation="http://www.loc.gov/MARC21/slim http://www.loc.gov/standards/marcxml/schema/MARC21slim.xsd"><leader>03544nam a2200853 c 4500</leader><controlfield tag="001">991000039189705502</controlfield><controlfield tag="005">20240927125704.0</controlfield><controlfield tag="008">201012s1999    fr ||||| |||| 00| ||fre d</controlfield><datafield ind1=" " ind2=" " tag="020"><subfield code="a">2020385961</subfield><subfield code="c">EUR 21.34</subfield></datafield><datafield ind1="7" ind2=" " tag="024"><subfield code="a">http://catalogue.bnf.fr/ark:/12148/cb371690138</subfield><subfield code="2">uri</subfield></datafield><datafield ind1=" " ind2=" " tag="035"><subfield code="a">(swissbib)241724422-41slsp_network</subfield></datafield><datafield ind1=" " ind2=" " tag="035"><subfield code="a">241724422</subfield><subfield code="9">ExL</subfield></datafield><datafield ind1=" " ind2=" " tag="035"><subfield code="a">(RERO)R259436760-41slsp</subfield></datafield><datafield ind1=" " ind2=" " tag="035"><subfield code="a">(IDSBB)002007785DSV01</subfield></datafield><datafield ind1=" " ind2=" " tag="035"><subfield code="a">(IDSLU)000229520ILU01</subfield></datafield><datafield ind1=" " ind2=" " tag="035"><subfield code="a">(NEBIS)003861849EBI01</subfield></datafield><datafield ind1=" " ind2=" " tag="035"><subfield code="a">(EXLNZ-41SLSP_NETWORK)991122826869705501</subfield></datafield><datafield ind1=" " ind2=" " tag="040"><subfield code="a">RERO labcud</subfield><subfield code="d">CH-ZuSLS</subfield></datafield><datafield ind1=" " ind2="7" tag="072"><subfield code="a">ss</subfield><subfield code="2">rero</subfield></datafield><datafield ind1=" " ind2="7" tag="072"><subfield code="a">sz</subfield><subfield code="2">SzZuIDS BS/BE</subfield></datafield><datafield ind1=" " ind2="7" tag="072"><subfield code="a">140</subfield><subfield code="2">IDS LU</subfield></datafield><datafield ind1="0" ind2="0" tag="082"><subfield code="a">305.892/765044</subfield><subfield code="2">21</subfield></datafield><datafield ind1="1" ind2="4" tag="082"><subfield code="a">305.892765044</subfield><subfield code="2">21</subfield></datafield><datafield ind1="1" ind2="4" tag="082"><subfield code="a">300</subfield><subfield code="2">15</subfield></datafield><datafield ind1="1" ind2="4" tag="082"><subfield code="a">305.8</subfield></datafield><datafield ind1=" " ind2=" " tag="084"><subfield code="a">ID 1230</subfield><subfield code="2">rvk</subfield></datafield><datafield ind1=" " ind2=" " tag="084"><subfield code="a">ID 1265</subfield><subfield code="2">rvk</subfield></datafield><datafield ind1=" " ind2=" " tag="084"><subfield code="a">MS 3600</subfield><subfield code="2">rvk</subfield></datafield><datafield ind1="1" ind2=" " tag="100"><subfield code="6">880-01</subfield><subfield code="a">Sayad, Abdelmalek</subfield><subfield code="d">1933-1998</subfield><subfield code="0">(DE-588)129715352</subfield></datafield><datafield ind1="1" ind2=" " tag="880"><subfield code="6">100-01</subfield><subfield code="a">Sayad, Abdelmalek</subfield><subfield code="d">1933-1998</subfield><subfield code="0">(IDREF)027125068</subfield><subfield code="4">cre</subfield></datafield><datafield ind1="1" ind2="0" tag="245"><subfield code="a">&lt;&lt;La&gt;&gt; double absence</subfield><subfield code="b">des illusions de l'émigré aux souffrances de l'immigré</subfield><subfield code="c">Abdelmalek Sayad ; préf. de Pierre Bourdieu</subfield></datafield><datafield ind1=" " ind2="1" tag="264"><subfield code="a">[Paris]</subfield><subfield code="b">Seuil</subfield><subfield code="c">1999</subfield></datafield><datafield ind1=" " ind2=" " tag="300"><subfield code="a">437 p.</subfield><subfield code="c">22 cm</subfield></datafield><datafield ind1=" " ind2=" " tag="336"><subfield code="b">txt</subfield><subfield code="2">rdacontent</subfield></datafield><datafield ind1=" " ind2=" " tag="337"><subfield code="b">n</subfield><subfield code="2">rdamedia</subfield></datafield><datafield ind1=" " ind2=" " tag="338"><subfield code="b">nc</subfield><subfield code="2">rdacarrier</subfield></datafield><datafield ind1="1" ind2=" " tag="490"><subfield code="a">Liber</subfield></datafield><datafield ind1=" " ind2="7" tag="650"><subfield code="a">immigration maghrébine</subfield><subfield code="0">(RERO)A009998177</subfield><subfield code="2">rerovoc</subfield></datafield><datafield ind1=" " ind2="7" tag="650"><subfield code="a">Souffrance</subfield><subfield code="0">(IDREF)027488705</subfield><subfield code="2">idref</subfield></datafield><datafield ind1=" " ind2="7" tag="650"><subfield code="a">vécu</subfield><subfield code="0">(RERO)A010035910</subfield><subfield code="2">rerovoc</subfield></datafield><datafield ind1=" " ind2="7" tag="650"><subfield code="a">Sociologie</subfield><subfield code="0">(IDREF)049647490</subfield><subfield code="2">idref</subfield></datafield><datafield ind1=" " ind2="7" tag="650"><subfield code="a">Einwanderung</subfield><subfield code="z">Frankreich</subfield><subfield code="2">idsbb</subfield></datafield><datafield ind1=" " ind2="7" tag="650"><subfield code="a">Auswanderung</subfield><subfield code="0">(DE-588)4003920-1</subfield><subfield code="2">gnd</subfield></datafield><datafield ind1=" " ind2="7" tag="650"><subfield code="a">Einwanderung</subfield><subfield code="0">(DE-588)4013960-8</subfield><subfield code="2">gnd</subfield></datafield><datafield ind1=" " ind2="7" tag="650"><subfield code="a">Algerischer Arbeitnehmer</subfield><subfield code="0">(DE-588)4204872-2</subfield><subfield code="2">gnd</subfield></datafield><datafield ind1=" " ind2="7" tag="650"><subfield code="a">Algerier</subfield><subfield code="2">idszbz</subfield></datafield><datafield ind1=" " ind2="7" tag="650"><subfield code="a">Sozialpsychologie</subfield><subfield code="2">idszbz</subfield></datafield><datafield ind1=" " ind2="7" tag="650"><subfield code="a">Auswanderer</subfield><subfield code="0">(DE-588)4131725-7</subfield><subfield code="2">gnd</subfield></datafield><datafield ind1=" " ind2="7" tag="650"><subfield code="a">Auswanderung</subfield><subfield code="2">idszbz</subfield></datafield><datafield ind1=" " ind2="7" tag="650"><subfield code="a">Einwanderer</subfield><subfield code="0">(DE-588)4151434-8</subfield><subfield code="2">gnd</subfield></datafield><datafield ind1=" " ind2="7" tag="650"><subfield code="a">Psychosoziale Situation</subfield><subfield code="2">idszbz</subfield></datafield><datafield ind1=" " ind2="0" tag="650"><subfield code="a">Algerians</subfield><subfield code="z">France</subfield><subfield code="x">Social conditions</subfield></datafield><datafield ind1=" " ind2="0" tag="650"><subfield code="a">Immigrants</subfield><subfield code="z">France</subfield></datafield><datafield ind1=" " ind2="7" tag="650"><subfield code="a">ALGÉRIE (AFRIQUE DU NORD). RÉPUBLIQUE ALGÉRIENNE DÉMOCRATIQUE ET POPULAIRE</subfield><subfield code="9">fre</subfield><subfield code="0">(ETHUDK)000007031</subfield><subfield code="2">ethudk</subfield></datafield><datafield ind1=" " ind2="7" tag="650"><subfield code="a">FRANCE (WEST EUROPE). FRENCH REPUBLIC</subfield><subfield code="9">eng</subfield><subfield code="0">(ETHUDK)000003272</subfield><subfield code="2">ethudk</subfield></datafield><datafield ind1=" " ind2="7" tag="650"><subfield code="a">IMMIGRATION (POLITIQUE INTÉRIEURE)</subfield><subfield code="9">fre</subfield><subfield code="0">(ETHUDK)000055994</subfield><subfield code="2">ethudk</subfield></datafield><datafield ind1=" " ind2="7" tag="650"><subfield code="a">POLITIQUE DE L'ÉMIGRATION (POLITIQUE INTÉRIEURE)</subfield><subfield code="9">fre</subfield><subfield code="0">(ETHUDK)000055999</subfield><subfield code="2">ethudk</subfield></datafield><datafield ind1=" " ind2="7" tag="650"><subfield code="a">SOCIOLOGIE</subfield><subfield code="9">fre</subfield><subfield code="0">(ETHUDK)000009976</subfield><subfield code="2">ethudk</subfield></datafield><datafield ind1=" " ind2="7" tag="650"><subfield code="a">TRISTESSE + SOUFFRANCE (PSYCHOLOGIE)</subfield><subfield code="9">fre</subfield><subfield code="0">(ETHUDK)000048865</subfield><subfield code="2">ethudk</subfield></datafield><datafield ind1=" " ind2="7" tag="651"><subfield code="a">France</subfield><subfield code="0">(IDREF)027226794</subfield><subfield code="2">idref</subfield></datafield><datafield ind1=" " ind2="7" tag="651"><subfield code="a">Frankreich</subfield><subfield code="0">(DE-588)4018145-5</subfield><subfield code="2">gnd</subfield></datafield><datafield ind1=" " ind2="7" tag="651"><subfield code="a">Algerien</subfield><subfield code="0">(DE-588)4001179-3</subfield><subfield code="2">gnd</subfield></datafield><datafield ind1=" " ind2="7" tag="651"><subfield code="a">Frankreich</subfield><subfield code="2">idszbz</subfield></datafield><datafield ind1=" " ind2="7" tag="651"><subfield code="a">Algerienfranzosen</subfield><subfield code="2">idszbz</subfield></datafield><datafield ind1=" " ind2="7" tag="651"><subfield code="a">Algerien</subfield><subfield code="2">idszbz</subfield></datafield><datafield ind1=" " ind2="0" tag="651"><subfield code="a">Algeria</subfield><subfield code="x">Emigration and immigration</subfield></datafield><datafield ind1=" " ind2="0" tag="651"><subfield code="a">France</subfield><subfield code="x">Emigration and immigration</subfield></datafield><datafield ind1=" " ind2="7" tag="655"><subfield code="a">[Études diverses]</subfield><subfield code="0">(RERO)A022249905</subfield><subfield code="2">rero</subfield></datafield><datafield ind1="1" ind2=" " tag="700"><subfield code="6">880-02</subfield><subfield code="a">Bourdieu, Pierre</subfield><subfield code="d">1930-2002</subfield><subfield code="0">(DE-588)118810758</subfield></datafield><datafield ind1="1" ind2=" " tag="880"><subfield code="6">700-02</subfield><subfield code="a">Bourdieu, Pierre</subfield><subfield code="d">1930-2002</subfield><subfield code="0">(IDREF)027715078</subfield></datafield><datafield ind1="4" ind2=" " tag="856"><subfield code="3">Inhaltsverzeichnis</subfield><subfield code="u">http://www.ub.unibas.ch/tox/IDSLUZ/000229520/PDF</subfield><subfield code="q">pdf</subfield></datafield><datafield ind1=" " ind2=" " tag="830"><subfield code="a">Liber</subfield><subfield code="p">Seuil</subfield><subfield code="w">(RERO)R214725460-41slsp</subfield></datafield><datafield ind1=" " ind2=" " tag="900"><subfield code="a">REROnoselfmerge</subfield></datafield><datafield ind1=" " ind2=" " tag="900"><subfield code="a">IDSZ2zbzmon200008l</subfield><subfield code="c">IDSZ2geis</subfield><subfield code="d">IDSZ2zbzswk200104b</subfield><subfield code="e">IDSZ2baur</subfield></datafield><datafield ind1=" " ind2=" " tag="949"><subfield code="a">http://www.ub.unibas.ch/tox/IDSLUZ/000229520/PDF</subfield></datafield></record>
</metadata></record>