<record><header><identifier>oai:alma.41SLSP_UGE:991000039709705502</identifier><datestamp>2024-11-16T01:12:42Z</datestamp><setSpec>uge_bcen_RapidILL_BOOK</setSpec><setSpec>uge_aaca_RapidILL_BOOK</setSpec><setSpec>uge_abels_RapidILL_BOOK</setSpec><setSpec>uge_dbu_RapidILL_BOOK</setSpec><setSpec>uge_cmu_RapidILL_BOOK</setSpec><setSpec>uge_mail_RapidILL_BOOK</setSpec><setSpec>uge_abbat_RapidILL_BOOK</setSpec><setSpec>UNIGE_ALL</setSpec><setSpec>uge_acar_RapidILL_BOOK</setSpec><setSpec>uge_aobs_RapidILL_BOOK</setSpec></header><metadata>
<record xmlns="http://www.loc.gov/MARC21/slim" xmlns:xsi="http://www.w3.org/2001/XMLSchema-instance" xsi:schemaLocation="http://www.loc.gov/MARC21/slim http://www.loc.gov/standards/marcxml/schema/MARC21slim.xsd"><leader>05820nam a2200781 c 4500</leader><controlfield tag="001">991000039709705502</controlfield><controlfield tag="005">20241115082406.0</controlfield><controlfield tag="008">201012s2012    sz            00| | fre|d</controlfield><datafield ind1=" " ind2=" " tag="020"><subfield code="a">9783719030209</subfield><subfield code="q">relié</subfield><subfield code="c">EUR 128.00</subfield></datafield><datafield ind1=" " ind2=" " tag="035"><subfield code="a">(swissbib)241846110-41slsp_network</subfield></datafield><datafield ind1=" " ind2=" " tag="035"><subfield code="a">241846110</subfield><subfield code="9">ExL</subfield></datafield><datafield ind1=" " ind2=" " tag="035"><subfield code="a">(NEBIS)006332129EBI01</subfield></datafield><datafield ind1=" " ind2=" " tag="035"><subfield code="a">(IDSBB)005563646DSV01</subfield></datafield><datafield ind1=" " ind2=" " tag="035"><subfield code="a">(IDSLU)001035573ILU01</subfield></datafield><datafield ind1=" " ind2=" " tag="035"><subfield code="a">(RERO)R005899479-41slsp</subfield></datafield><datafield ind1=" " ind2=" " tag="035"><subfield code="a">(IDSSG)000526738HSB01</subfield></datafield><datafield ind1=" " ind2=" " tag="035"><subfield code="a">(SBT)000692379SBT01</subfield></datafield><datafield ind1=" " ind2=" " tag="035"><subfield code="a">(ALEX)bv001448959</subfield></datafield><datafield ind1=" " ind2=" " tag="035"><subfield code="a">(EXLNZ-41SLSP_NETWORK)991160028759705501</subfield></datafield><datafield ind1=" " ind2=" " tag="040"><subfield code="a">RERO labcue</subfield><subfield code="d">CH-ZuSLS</subfield></datafield><datafield ind1=" " ind2=" " tag="044"><subfield code="a">sz</subfield><subfield code="c">ch-bs</subfield></datafield><datafield ind1=" " ind2="7" tag="072"><subfield code="a">rw</subfield><subfield code="2">SzZuIDS BS/BE</subfield></datafield><datafield ind1=" " ind2="7" tag="072"><subfield code="a">807</subfield><subfield code="2">IDS LU</subfield></datafield><datafield ind1=" " ind2="7" tag="072"><subfield code="a">824</subfield><subfield code="2">IDS LU</subfield></datafield><datafield ind1=" " ind2="7" tag="072"><subfield code="a">dr</subfield><subfield code="2">rero</subfield></datafield><datafield ind1="0" ind2="4" tag="082"><subfield code="a">343.49404</subfield><subfield code="2">22</subfield></datafield><datafield ind1="1" ind2="4" tag="082"><subfield code="a">340</subfield><subfield code="2">15</subfield></datafield><datafield ind1=" " ind2=" " tag="084"><subfield code="a">PP 8340</subfield><subfield code="2">rvk</subfield></datafield><datafield ind1=" " ind2=" " tag="084"><subfield code="a">CA/CH 54 g</subfield><subfield code="2">cjurrom</subfield></datafield><datafield ind1="1" ind2=" " tag="100"><subfield code="6">880-01</subfield><subfield code="a">Oberson, Xavier</subfield><subfield code="0">(IDREF)056902042</subfield><subfield code="4">cre</subfield></datafield><datafield ind1="1" ind2=" " tag="880"><subfield code="6">100-01</subfield><subfield code="a">Oberson, Xavier</subfield><subfield code="d">1961-</subfield><subfield code="0">(DE-588)171705408</subfield></datafield><datafield ind1="1" ind2="0" tag="245"><subfield code="a">Droit fiscal suisse</subfield><subfield code="c">Xavier Oberson</subfield></datafield><datafield ind1=" " ind2=" " tag="250"><subfield code="a">4e éd., entièrement revue et augmentée</subfield></datafield><datafield ind1=" " ind2="1" tag="264"><subfield code="a">Bâle</subfield><subfield code="b">Helbing Lichtenhahn</subfield><subfield code="c">2012</subfield></datafield><datafield ind1=" " ind2=" " tag="300"><subfield code="a">XLVII, 621 p.</subfield><subfield code="c">24 cm</subfield></datafield><datafield ind1=" " ind2=" " tag="336"><subfield code="b">txt</subfield><subfield code="2">rdacontent</subfield></datafield><datafield ind1=" " ind2=" " tag="337"><subfield code="b">n</subfield><subfield code="2">rdamedia</subfield></datafield><datafield ind1=" " ind2=" " tag="338"><subfield code="b">nc</subfield><subfield code="2">rdacarrier</subfield></datafield><datafield ind1=" " ind2=" " tag="500"><subfield code="a">Index</subfield></datafield><datafield ind1=" " ind2=" " tag="504"><subfield code="a">Bibliogr.</subfield></datafield><datafield ind1=" " ind2=" " tag="504"><subfield code="a">Index.</subfield></datafield><datafield ind1=" " ind2=" " tag="520"><subfield code="a">Paru pour la première fois en 1998, l'ouvrage a été remanié fondamentalement en 2001, puis en 2007. A chaque fois, le droit fiscal n'a cessé d'évoluer à un rythme de plus en plus rapide. La réforme de l'imposition des entreprises II, ainsi que la nouvelle LTVA ont été adoptées. Les projets de réformes de la fiscalité sont légions. Enfin, la jurisprudence et la pratique (circulaire) ont poursuivi leur développement sans précédent.</subfield><subfield code="5">SBT/29.10.2012/BUL/RCG</subfield></datafield><datafield ind1=" " ind2="7" tag="650"><subfield code="a">DROIT D'IMPÔT + DROIT FISCAL (BRANCHES SPÉCIALES DU DROIT)</subfield><subfield code="9">fre</subfield><subfield code="0">(ETHUDK)000011572</subfield><subfield code="2">ethudk</subfield></datafield><datafield ind1=" " ind2="7" tag="650"><subfield code="a">SUISSE (EUROPE CENTRALE). CONFÉDÉRATION SUISSE</subfield><subfield code="9">fre</subfield><subfield code="0">(ETHUDK)000004571</subfield><subfield code="2">ethudk</subfield></datafield><datafield ind1=" " ind2="7" tag="650"><subfield code="a">Droit fiscal</subfield><subfield code="0">(IDREF)02746718X</subfield><subfield code="2">idref</subfield></datafield><datafield ind1=" " ind2="7" tag="650"><subfield code="a">Abgaberecht</subfield><subfield code="9">ger</subfield><subfield code="0">(RERO)jurivoc000000140ger</subfield><subfield code="2">jurivoc</subfield></datafield><datafield ind1=" " ind2="7" tag="650"><subfield code="a">Steuer</subfield><subfield code="9">ger</subfield><subfield code="0">(RERO)jurivoc000021368ger</subfield><subfield code="2">jurivoc</subfield></datafield><datafield ind1=" " ind2="7" tag="650"><subfield code="a">Steuerrecht</subfield><subfield code="0">(DE-588)4116614-0</subfield><subfield code="2">gnd</subfield></datafield><datafield ind1=" " ind2="7" tag="650"><subfield code="a">Diritto tributario</subfield><subfield code="z">Svizzera</subfield><subfield code="2">sbt12</subfield></datafield><datafield ind1=" " ind2="7" tag="651"><subfield code="a">Suisse</subfield><subfield code="0">(IDREF)027249654</subfield><subfield code="2">idref</subfield></datafield><datafield ind1=" " ind2="7" tag="651"><subfield code="a">Schweiz</subfield><subfield code="9">ger</subfield><subfield code="0">(RERO)jurivoc000019912ger</subfield><subfield code="2">jurivoc</subfield></datafield><datafield ind1=" " ind2="7" tag="651"><subfield code="a">Schweiz</subfield><subfield code="0">(DE-588)4053881-3</subfield><subfield code="2">gnd</subfield></datafield><datafield ind1=" " ind2="7" tag="655"><subfield code="a">[Ouvrages généraux]</subfield><subfield code="0">(RERO)A022248336</subfield><subfield code="2">rero</subfield></datafield><datafield ind1=" " ind2="7" tag="655"><subfield code="a">Grundlagenwerk</subfield><subfield code="9">ger</subfield><subfield code="2">jurivoc</subfield><subfield code="0">(RERO)jurivoc000010408ger</subfield></datafield><datafield ind1=" " ind2="7" tag="655"><subfield code="a">Manuels d'enseignement supérieur</subfield><subfield code="0">(IDREF)03020934X</subfield><subfield code="2">idref</subfield></datafield><datafield ind1=" " ind2="7" tag="655"><subfield code="a">Lehrbuch</subfield><subfield code="2">gnd-content</subfield></datafield><datafield ind1=" " ind2=" " tag="690"><subfield code="a">assujettissement ; contribution ; distinction ; protection ; harmonisation ; attribution ; restructuration ; exigences ; exigence ; placement ; limitation ; transformation ; provenance ; prestation ; exploitation ; disposition ; rendement ; rapport ; remplacement ; existence ; principe ; justification ; affectation ; conscience ; collaborateur ; employeur ; objectif ; composante ; composant ; objet ; introduction ; approche ; profit ; acquisition ; table ; garantie ; effet ; transfert ; obligation ; amortissement ; engagement ; revue ; chapitre ; ressource ; type ; capitaux ; capitale ; capital ; base ; assiette ; montant ; ration ; limite ; champs ; champ ; contenu ; but ; condition ; prise de position ; forme ; croyance ; arrangement ; force ; arbitraire ; foi ; frais ; frai ; texte ; lacune ; fortune ; notion ; immeubles ; immeuble ; pou ; aspect ; partenaire ; fin ; solution ; organisation ; compte ; gain ; lettres ; lettre ; respect ; avoir ; aura ; assurance ; action ; dent ; usage ; chose ; jouissance ; valeur ; superficie ; premier ; première ; atteinte ; cessation ; exercice ; entretien ; marchandise</subfield><subfield code="2">idssg-J</subfield></datafield><datafield ind1=" " ind2=" " tag="690"><subfield code="a">4e dition; Autres collectivit; droit f; analogues pr; capital priv; capitaux financ; biens immat; frais li; encore ind; actifs circulants; autres i</subfield><subfield code="2">idssg-J</subfield></datafield><datafield ind1=" " ind2=" " tag="690"><subfield code="a">État [100]</subfield><subfield code="2">idssg-J</subfield></datafield><datafield ind1=" " ind2=" " tag="690"><subfield code="a">Oberson; enti; rement; augment; e; Helbing; Lichtenhahn; res; abr; viations; g; n; rale; crit; re; imp; ts; b; c; diff; rents; r; els; raux; co; p; riodiques; Tax; collectivit; comp; t; rateur; souverainet; ralit; tence; Conf; tences; parall; ral; Gen; ve; quation; financi; galit; densit; troactivit; gissant; capacit; universalit; extrafiscaux; propri; libert; conomique; intercantonale; activit; tatique; quivalence; proc; interpr; tation; paratoires; syst; matique; alit; conomie; vasion; illimit; limit; intercantonaux; tablissement; gles; particuli; centes; monoparentales; enregistr; ritiers; soci; apr; gislateur; th; orie; alisation; ind; ments; i; ü; Reconni; ssable; ext; eur; üi; conti; bui; travi; cai; tal; v; vi; aliser; priv; quences; Gewillk; rtes; Gesch; ftsverm; gen; controvers; probl; rales; li; mobili; int; aa; bb; appr; ciables; exc; dd; arr; Ti; bunal; f; nterveni; slateur; ee; Transponierung; gime; riels; immobili; deuxi; troisi; sant; indemnit; ductions; termin; al; let; proi; ons; sques; biteurs; D</subfield><subfield code="2">idssg-J</subfield></datafield><datafield ind1=" " ind2=" " tag="690"><subfield code="e">JA</subfield><subfield code="a">Allgemeine Steuerrechtsliteratur : Allgemeines, Lehrbücher</subfield><subfield code="2">hsg-iff</subfield></datafield><datafield ind1=" " ind2=" " tag="691"><subfield code="e">PC 54 CH</subfield><subfield code="2">rzs-L1</subfield></datafield><datafield ind1=" " ind2=" " tag="691"><subfield code="e">343.49404</subfield><subfield code="a">Diritto tributario. Svizzera</subfield><subfield code="2">usi-TE</subfield></datafield><datafield ind1="4" ind2=" " tag="856"><subfield code="3">Titelblatt und Inhaltsverzeichnis</subfield><subfield code="u">https://toc.library.ethz.ch/objects/pdf/z01_978-3-7190-3020-9_01.pdf</subfield><subfield code="q">pdf</subfield></datafield><datafield ind1=" " ind2=" " tag="900"><subfield code="a">IDSZ2rwimon201210f</subfield><subfield code="c">IDSZ2rosi 121016</subfield><subfield code="d">IDSZ2rwiswk201210b</subfield><subfield code="e">IDSZ2meim</subfield></datafield><datafield ind1=" " ind2=" " tag="900"><subfield code="a">IDSZ2zbzmon201302l</subfield><subfield code="c">IDSZ2meyr</subfield><subfield code="d">IDSZ2zbzswk201302u</subfield><subfield code="e">IDSZ2bruu</subfield></datafield><datafield ind1=" " ind2=" " tag="900"><subfield code="a">IDSE5E51ANH-2012</subfield></datafield><datafield ind1=" " ind2=" " tag="911"><subfield code="a">100</subfield><subfield code="a">Oberson, Xavier</subfield><subfield code="d">1961-</subfield></datafield><datafield ind1=" " ind2=" " tag="949"><subfield code="a">https://toc.library.ethz.ch/objects/pdf/z01_978-3-7190-3020-9_01.pdf</subfield></datafield></record>
</metadata></record>