<record><header><identifier>oai:alma.41SLSP_UGE:991000039519705502</identifier><datestamp>2023-03-01T01:08:54Z</datestamp><setSpec>uge_bcen_RapidILL_BOOK</setSpec><setSpec>uge_aaca_RapidILL_BOOK</setSpec><setSpec>uge_abels_RapidILL_BOOK</setSpec><setSpec>uge_dbu_RapidILL_BOOK</setSpec><setSpec>uge_cmu_RapidILL_BOOK</setSpec><setSpec>uge_mail_RapidILL_BOOK</setSpec><setSpec>UNIGE_ALL</setSpec><setSpec>uge_abbat_RapidILL_BOOK</setSpec><setSpec>uge_aobs_RapidILL_BOOK</setSpec><setSpec>uge_acar_RapidILL_BOOK</setSpec></header><metadata>
<record xmlns="http://www.loc.gov/MARC21/slim" xmlns:xsi="http://www.w3.org/2001/XMLSchema-instance" xsi:schemaLocation="http://www.loc.gov/MARC21/slim http://www.loc.gov/standards/marcxml/schema/MARC21slim.xsd"><leader>01127nam a2200289 c 4500</leader><controlfield tag="001">991000039519705502</controlfield><controlfield tag="005">20201225183238.0</controlfield><controlfield tag="008">880527s1974    gw ||||| |||| 00| ||ger d</controlfield><datafield ind1=" " ind2=" " tag="020"><subfield code="a">3519042770</subfield></datafield><datafield ind1=" " ind2=" " tag="035"><subfield code="a">(swissbib)082789509-41slsp_network</subfield></datafield><datafield ind1=" " ind2=" " tag="035"><subfield code="a">082789509</subfield><subfield code="9">ExL</subfield></datafield><datafield ind1=" " ind2=" " tag="035"><subfield code="a">(RERO)0981447-41slsp</subfield></datafield><datafield ind1=" " ind2=" " tag="035"><subfield code="a">(EXLNZ-41SLSP_NETWORK)991065986789705501</subfield></datafield><datafield ind1=" " ind2=" " tag="040"><subfield code="a">RERO frbcuc</subfield><subfield code="d">CH-ZuSLS</subfield></datafield><datafield ind1="0" ind2=" " tag="041"><subfield code="a">ger</subfield><subfield code="a">grc</subfield></datafield><datafield ind1=" " ind2="7" tag="072"><subfield code="a">gr</subfield><subfield code="2">rero</subfield></datafield><datafield ind1="1" ind2=" " tag="080"><subfield code="a">87(093)</subfield></datafield><datafield ind1="0" ind2="0" tag="245"><subfield code="a">Papyri graecae magicae</subfield><subfield code="n">2</subfield><subfield code="c">Mit Ergänzungen von Karl Preisendanz und Ernst Heitsch ; [unter Mitarbeit von Erich Diehl, Sam Eitrem, Adolf Jacoby] = Die griechischen Zauberpapyri / hrsg. und übers. von Karl Preisendanz. 2</subfield></datafield><datafield ind1=" " ind2=" " tag="250"><subfield code="a">2., verbesserte Aufl.</subfield><subfield code="b">durchges. und hrsg. von Albert Henrichs</subfield></datafield><datafield ind1=" " ind2="1" tag="264"><subfield code="a">Stutgardiae</subfield><subfield code="b">in aed. B.G. Teubneri</subfield><subfield code="c">1974</subfield></datafield><datafield ind1=" " ind2=" " tag="300"><subfield code="a">XXIX, 270 S., 3 S. Taf.</subfield><subfield code="c">25 cm</subfield></datafield><datafield ind1=" " ind2=" " tag="336"><subfield code="b">txt</subfield><subfield code="2">rdacontent</subfield></datafield><datafield ind1=" " ind2=" " tag="337"><subfield code="b">n</subfield><subfield code="2">rdamedia</subfield></datafield><datafield ind1=" " ind2=" " tag="338"><subfield code="b">nc</subfield><subfield code="2">rdacarrier</subfield></datafield><datafield ind1="1" ind2=" " tag="700"><subfield code="a">Heitsch, Ernst</subfield><subfield code="d">1928-2019</subfield><subfield code="0">(IDREF)028443349</subfield></datafield><datafield ind1="1" ind2=" " tag="700"><subfield code="a">Diehl, Erich</subfield><subfield code="0">(IDREF)240528735</subfield></datafield><datafield ind1=" " ind2="0" tag="830"><subfield code="a">Papyri graecae magicae = Die griechischen Zauberpapyri</subfield><subfield code="v">2</subfield></datafield><datafield ind1=" " ind2=" " tag="900"><subfield code="a">REROnoselfmerge</subfield></datafield></record>
</metadata></record>