<record><header><identifier>oai:alma.41SLSP_UGE:991000039719705502</identifier><datestamp>2023-06-20T00:24:31Z</datestamp><setSpec>uge_bcen_RapidILL_BOOK</setSpec><setSpec>uge_aaca_RapidILL_BOOK</setSpec><setSpec>uge_abels_RapidILL_BOOK</setSpec><setSpec>uge_dbu_RapidILL_BOOK</setSpec><setSpec>uge_cmu_RapidILL_BOOK</setSpec><setSpec>uge_mail_RapidILL_BOOK</setSpec><setSpec>uge_abbat_RapidILL_BOOK</setSpec><setSpec>UNIGE_ALL</setSpec><setSpec>uge_acar_RapidILL_BOOK</setSpec><setSpec>uge_aobs_RapidILL_BOOK</setSpec></header><metadata>
<record xmlns="http://www.loc.gov/MARC21/slim" xmlns:xsi="http://www.w3.org/2001/XMLSchema-instance" xsi:schemaLocation="http://www.loc.gov/MARC21/slim http://www.loc.gov/standards/marcxml/schema/MARC21slim.xsd"><leader>02621nam a2200625 c 4500</leader><controlfield tag="001">991000039719705502</controlfield><controlfield tag="005">20230619204211.0</controlfield><controlfield tag="008">201011s2018    it ||||| |||| 10| ||ita d</controlfield><datafield ind1=" " ind2=" " tag="010"><subfield code="a">2017483758</subfield></datafield><datafield ind1=" " ind2=" " tag="020"><subfield code="a">9788869953767</subfield><subfield code="c">15.00 EUR</subfield></datafield><datafield ind1=" " ind2=" " tag="035"><subfield code="a">(swissbib)229355331-41slsp_network</subfield></datafield><datafield ind1=" " ind2=" " tag="035"><subfield code="a">229355331</subfield><subfield code="9">ExL</subfield></datafield><datafield ind1=" " ind2=" " tag="035"><subfield code="a">(RERO)R008844503-41slsp</subfield></datafield><datafield ind1=" " ind2=" " tag="035"><subfield code="a">(NEBIS)011296770EBI01</subfield></datafield><datafield ind1=" " ind2=" " tag="035"><subfield code="a">(IDSBB)006846977DSV01</subfield></datafield><datafield ind1=" " ind2=" " tag="035"><subfield code="a">(OCoLC)1043232395</subfield></datafield><datafield ind1=" " ind2=" " tag="035"><subfield code="a">(EXLNZ-41SLSP_NETWORK)991028796759705501</subfield></datafield><datafield ind1=" " ind2=" " tag="040"><subfield code="a">ItFiC</subfield><subfield code="e">rda</subfield><subfield code="d">CH-ZuSLS</subfield></datafield><datafield ind1=" " ind2=" " tag="042"><subfield code="a">lccopycat</subfield></datafield><datafield ind1="0" ind2="0" tag="050"><subfield code="a">PQ4817.O9</subfield><subfield code="b">Z865 2018</subfield></datafield><datafield ind1=" " ind2="7" tag="072"><subfield code="a">it</subfield><subfield code="2">rero</subfield></datafield><datafield ind1="1" ind2="4" tag="082"><subfield code="a">850</subfield><subfield code="2">15</subfield></datafield><datafield ind1=" " ind2=" " tag="084"><subfield code="a">IV 29601</subfield><subfield code="2">rvk</subfield></datafield><datafield ind1="0" ind2="0" tag="245"><subfield code="a">Sette studi per Gozzano</subfield><subfield code="c">a cura di Maria Borio, Stefano Carrai e Alberto Comparini</subfield></datafield><datafield ind1=" " ind2="1" tag="264"><subfield code="a">Ospedaletto (Pisa)</subfield><subfield code="b">Pacini</subfield><subfield code="c">2018</subfield></datafield><datafield ind1=" " ind2=" " tag="300"><subfield code="a">119 pages</subfield><subfield code="c">23 cm</subfield></datafield><datafield ind1=" " ind2=" " tag="336"><subfield code="b">txt</subfield><subfield code="2">rdacontent</subfield></datafield><datafield ind1=" " ind2=" " tag="337"><subfield code="b">n</subfield><subfield code="2">rdamedia</subfield></datafield><datafield ind1=" " ind2=" " tag="338"><subfield code="b">nc</subfield><subfield code="2">rdacarrier</subfield></datafield><datafield ind1="0" ind2=" " tag="490"><subfield code="a">Saggistica</subfield></datafield><datafield ind1="1" ind2=" " tag="490"><subfield code="a">Strumenti di filologia e critica</subfield><subfield code="v">26</subfield></datafield><datafield ind1=" " ind2=" " tag="500"><subfield code="a">Papers presented at the conference held in Siena, Italy, June 23, 2016</subfield></datafield><datafield ind1=" " ind2=" " tag="500"><subfield code="a">Atti di &quot;una giornata di studi che si è tenuta il 23 giugno 2016&quot; a Siena - Klappentext</subfield></datafield><datafield ind1=" " ind2=" " tag="504"><subfield code="a">Includes bibliographical references and index</subfield></datafield><datafield ind1="1" ind2="0" tag="600"><subfield code="a">Gozzano, Guido</subfield><subfield code="d">1883-1916</subfield><subfield code="x">Criticism and interpretation</subfield><subfield code="v">Congresses</subfield></datafield><datafield ind1="1" ind2="0" tag="600"><subfield code="a">Gozzano, Guido</subfield><subfield code="d">1883-1916</subfield><subfield code="x">Influence</subfield><subfield code="v">Congresses</subfield></datafield><datafield ind1="1" ind2="7" tag="600"><subfield code="a">Gozzano, Guido</subfield><subfield code="d">1883-1916</subfield><subfield code="0">(IDREF)028509102</subfield><subfield code="2">idref</subfield></datafield><datafield ind1="1" ind2="7" tag="600"><subfield code="a">Gozzano, Guido</subfield><subfield code="d">1883-1916</subfield><subfield code="0">(DE-588)118718347</subfield><subfield code="2">gnd</subfield></datafield><datafield ind1="1" ind2="7" tag="600"><subfield code="a">Gozzano, Guido</subfield><subfield code="d">1883-1916</subfield><subfield code="2">fast</subfield></datafield><datafield ind1=" " ind2="7" tag="648"><subfield code="a">1900-1999</subfield><subfield code="2">fast</subfield></datafield><datafield ind1=" " ind2="0" tag="650"><subfield code="a">Italian poetry</subfield><subfield code="y">20th century</subfield><subfield code="x">History and criticism</subfield><subfield code="v">Congresses</subfield></datafield><datafield ind1=" " ind2="7" tag="650"><subfield code="a">Influence (Literary, artistic, etc.)</subfield><subfield code="2">fast</subfield></datafield><datafield ind1=" " ind2="7" tag="650"><subfield code="a">Italian poetry</subfield><subfield code="2">fast</subfield></datafield><datafield ind1=" " ind2="7" tag="655"><subfield code="a">Actes de congrès</subfield><subfield code="0">(IDREF)02886431X</subfield><subfield code="2">idref</subfield></datafield><datafield ind1=" " ind2="7" tag="655"><subfield code="a">Konferenzschrift</subfield><subfield code="z">Siena</subfield><subfield code="y">2016</subfield><subfield code="2">gnd-content</subfield></datafield><datafield ind1=" " ind2="7" tag="655"><subfield code="a">Conference papers and proceedings</subfield><subfield code="2">fast</subfield></datafield><datafield ind1=" " ind2="7" tag="655"><subfield code="a">Criticism, interpretation, etc</subfield><subfield code="2">fast</subfield></datafield><datafield ind1="1" ind2=" " tag="700"><subfield code="a">Carrai, Stefano</subfield><subfield code="d">1955-....</subfield><subfield code="0">(IDREF)02833972X</subfield></datafield><datafield ind1="1" ind2=" " tag="700"><subfield code="a">Comparini, Alberto</subfield><subfield code="d">1988-....</subfield><subfield code="0">(IDREF)161918409</subfield></datafield><datafield ind1="1" ind2=" " tag="700"><subfield code="a">Borio, Maria</subfield><subfield code="d">1985-</subfield><subfield code="0">(DE-588)1041369026</subfield><subfield code="4">edt</subfield><subfield code="6">880-04</subfield></datafield><datafield ind1="1" ind2=" " tag="880"><subfield code="6">700-04</subfield><subfield code="a">Borio, Maria</subfield><subfield code="0">(IDREF)175071748</subfield></datafield><datafield ind1="4" ind2=" " tag="856"><subfield code="3">Titelblatt und Inhaltsverzeichnis</subfield><subfield code="u">https://toc.library.ethz.ch/objects/pdf03/z01_978-88-6995-376-7_01.pdf</subfield><subfield code="q">pdf</subfield></datafield><datafield ind1=" " ind2="0" tag="830"><subfield code="a">Strumenti di filologia e critica</subfield><subfield code="v">26</subfield><subfield code="w">(RERO)R004676587-41slsp</subfield></datafield><datafield ind1=" " ind2=" " tag="900"><subfield code="a">IDSZ2zbzmon201810f</subfield><subfield code="c">IDSZ2rein</subfield></datafield><datafield ind1=" " ind2=" " tag="900"><subfield code="a">Stoppsignal FRED</subfield><subfield code="x">06.08.2019</subfield></datafield><datafield ind1=" " ind2=" " tag="949"><subfield code="a">https://toc.library.ethz.ch/objects/pdf03/z01_978-88-6995-376-7_01.pdf</subfield></datafield><datafield ind1=" " ind2=" " tag="993"><subfield code="a">BFLA 287476</subfield><subfield code="x">ge/ulit/a/18/479</subfield><subfield code="9">LOCAL</subfield></datafield></record>
</metadata></record>